[
{
	"name": "Aablu Kosk Saison",
	"country": "Viro",
	"imgUrl": "//cdn.alko.fi/ProductImages/Scaled/762334/product.jpg",
	"price": "4,97",
	"volume": "0.33l",
	"description": "Sitruunankeltainen, samea, keskitäyteläinen, keskiasteisesti humaloitu, viljainen, sitruksinen, sitruunaruohoinen, raikas",
	"abvPercent": "5.5",
	"beerType": "erikoisuus",
	"pricePerLitre": "15.06 EUR",
	"packageType": "pullo",
	"manufacturer": "Aablu Ou",
	"ibuScale": "15.0 EBU",
	"platoScale": "13.0 &deg;P",
	"ebc": "20.0 EBC"
},
{
	"name": "Aablu Maak Amber Ale",
	"country": "Viro",
	"imgUrl": "//cdn.alko.fi/ProductImages/Scaled/794044/product.jpg",
	"price": "4,98",
	"volume": "0.33l",
	"description": "Kastanjanruskea, samea, runsasvaahtoinen, täyteläinen, voimakkaasti humaloitu, karamellimaltainen, kevyen ruisleipäinen, mustapippurinen, runsas",
	"abvPercent": "5.6",
	"beerType": "ale",
	"pricePerLitre": "15.09 EUR",
	"packageType": "pullo",
	"manufacturer": "Aablu Ou",
	"ibuScale": "25.0 EBU",
	"platoScale": "14.0 &deg;P",
	"ebc": "36.0 EBC"
},
{
	"name": "Aablu Pearl harbor American Wheat",
	"country": "Viro",
	"imgUrl": "//cdn.alko.fi/ProductImages/Scaled/731204/product.jpg",
	"price": "4,88",
	"volume": "0.33l",
	"description": "Vaaleankeltainen, samea, kevyt, miedosti humaloitu, viljainen, vehnäleipäinen, tuoreen ruohoinen, raikas",
	"abvPercent": "4.1",
	"beerType": "vehnäolut",
	"pricePerLitre": "14.79 EUR",
	"packageType": "pullo",
	"manufacturer": "Aablu Ou",
	"ibuScale": "25.0 EBU",
	"platoScale": "12.0 &deg;P",
	"ebc": "22.0 EBC"
},
{
	"name": "Achel 8 Blond",
	"country": "Belgia",
	"imgUrl": "//cdn.alko.fi/ProductImages/Scaled/715894/product.jpg",
	"price": "5,12",
	"volume": "0.33l",
	"description": "Meripihkankeltainen, samea, runsasvaahtoinen, täyteläinen, keskiasteisesti humaloitu, karamellimaltainen, hedelmäinen, mausteinen, tasapainoinen",
	"abvPercent": "8.0",
	"beerType": "erikoisuus",
	"pricePerLitre": "15.52 EUR",
	"packageType": "pullo",
	"manufacturer": "De Achelse Kluis",
	"ibuScale": "22.5 EBU",
	"platoScale": "17.8 &deg;P",
	"ebc": "15.9 EBC"
},
{
	"name": "Aecht Schlenkerla Eiche",
	"country": "Saksa",
	"imgUrl": "//cdn.alko.fi/ProductImages/Scaled/948446/product.jpg",
	"price": "4,98",
	"volume": "0.5l",
	"description": "Kastanjanruskea, maltainen, savuinen, mausteinen",
	"abvPercent": "8.0",
	"beerType": "erikoisuus",
	"pricePerLitre": "9.76 EUR",
	"packageType": "pullo",
	"manufacturer": "Heller-Trum",
	"ibuScale": "40.0 EBU",
	"platoScale": "18.9 &deg;P",
	"ebc": "45.0 EBC"
},
{
	"name": "Aecht Schlenkerla Rauchbier Märzen",
	"country": "Saksa",
	"imgUrl": "//cdn.alko.fi/ProductImages/Scaled/009677/product.jpg",
	"price": "3,78",
	"volume": "0.5l",
	"description": "Ruskea, täyteläinen, keskiasteisesti humaloitu, paahtomaltainen, tervainen, savuinen",
	"abvPercent": "5.1",
	"beerType": "erikoisuus",
	"pricePerLitre": "7.36 EUR",
	"packageType": "pullo",
	"manufacturer": "Heller-Trum",
	"ibuScale": "25.3 EBU",
	"platoScale": "13.5 &deg;P",
	"ebc": "58.3 EBC"
},
{
	"name": "Alaskan Smoked Porter 2012",
	"country": "Yhdysvallat",
	"imgUrl": "//cdn.alko.fi/ProductImages/Scaled/900796/product.jpg",
	"price": "12,89",
	"volume": "0.65l",
	"description": "Mustanruskea, runsasvaahtoinen, täyteläinen, voimakkaasti humaloitu, paahtomaltainen, savuinen, mausteinen",
	"abvPercent": "6.5",
	"beerType": "stout & porter",
	"pricePerLitre": "19.83 EUR",
	"packageType": "pullo",
	"manufacturer": "Alaskan Brewing",
	"ibuScale": "32.1 EBU",
	"platoScale": "16.2 &deg;P",
	"ebc": "182.0 EBC"
},
{
	"name": "Aldaris Porteris",
	"country": "Latvia",
	"imgUrl": "//cdn.alko.fi/ProductImages/Scaled/790696/product.jpg",
	"price": "4,38",
	"volume": "0.5l",
	"description": "Ruskeanmusta, täyteläinen, keskiasteisesti humaloitu, paahtomaltainen, kuivahedelmäinen, hennon toffeinen",
	"abvPercent": "6.8",
	"beerType": "stout & porter",
	"pricePerLitre": "8.56 EUR",
	"packageType": "pullo",
	"manufacturer": "Aldaris",
	"ibuScale": "22.8 EBU",
	"platoScale": "17.3 &deg;P",
	"ebc": "154.0 EBC"
},
{
	"name": "Aldersbacher Kloster Dunkel",
	"country": "Saksa",
	"imgUrl": "//cdn.alko.fi/ProductImages/Scaled/782206/product.jpg",
	"price": "3,71",
	"volume": "0.5l",
	"description": "Kastanjanruskea, keskitäyteläinen, keskiasteisesti humaloitu, mallasleipäinen, hennon luumuinen, kevyen pähkinäinen, paahteinen, mausteinen",
	"abvPercent": "5.3",
	"beerType": "tumma lager",
	"pricePerLitre": "7.22 EUR",
	"packageType": "pullo",
	"manufacturer": "Aldersbacher",
	"ibuScale": "18.1 EBU",
	"platoScale": "13.0 &deg;P",
	"ebc": "62.7 EBC"
},
{
	"name": "AleSmith Old Numbskull Barley Wine Ale",
	"country": "Yhdysvallat",
	"imgUrl": "//cdn.alko.fi/ProductImages/Scaled/942687/product.jpg",
	"price": "30,00",
	"volume": "0.75l",
	"description": "Kinuskinruskea, samea, täyteläinen, voimakkaasti humaloitu, maltainen, mausteinen",
	"abvPercent": "11.0",
	"beerType": "erikoisuus",
	"pricePerLitre": "40.0 EUR",
	"packageType": "pullo",
	"manufacturer": "AleSmith",
	"ibuScale": "73.8 EBU",
	"platoScale": "24.1 &deg;P",
	"ebc": "70.8 EBC"
},
{
	"name": "Amager Bryghus Batch 1000",
	"country": "Tanska",
	"imgUrl": "//cdn.alko.fi/ProductImages/Scaled/766146/product.jpg",
	"price": "6,98",
	"volume": "0.5l",
	"description": "Kullanruskea, samea, täyteläinen, erittäin voimakkaasti humaloitu, hedelmäinen, greippinen, kevyen kukkainen, yrttinen, mausteinen, pitkä",
	"abvPercent": "6.5",
	"beerType": "ale",
	"pricePerLitre": "13.96 EUR",
	"packageType": "pullo",
	"manufacturer": "Amager Bryghus",
	"ibuScale": "94.4 EBU",
	"platoScale": "17.3 &deg;P",
	"ebc": "22.8 EBC"
},
{
	"name": "Amager Bryghus No Rice & Curry",
	"country": "Tanska",
	"imgUrl": "//cdn.alko.fi/ProductImages/Scaled/757666/product.jpg",
	"price": "6,50",
	"volume": "0.5l",
	"description": "Sitruunankeltainen, samea, keskitäyteläinen, voimakkaasti humaloitu, keksinen, sitruksinen, yrttinen, kukkainen, vivahteikas, raikas",
	"abvPercent": "5.0",
	"beerType": "lager",
	"pricePerLitre": "13.0 EUR",
	"packageType": "pullo",
	"manufacturer": "Amager Bryghus",
	"ibuScale": "36.4 EBU",
	"platoScale": "12.3 &deg;P",
	"ebc": "10.1 EBC"
},
{
	"name": "Amazon Forest Pilsen",
	"country": "Brasilia",
	"imgUrl": "//cdn.alko.fi/ProductImages/Scaled/722714/product.jpg",
	"price": "2,27",
	"volume": "0.33l",
	"description": "Viljankeltainen, kevyt, miedosti humaloitu, kaurahiutaleinen, kevyen yrttinen, pehmeä",
	"abvPercent": "4.1",
	"beerType": "pils",
	"pricePerLitre": "6.88 EUR",
	"packageType": "pullo",
	"manufacturer": "Hepworth",
	"ibuScale": "17.9 EBU",
	"platoScale": "10.3 &deg;P",
	"ebc": "7.8 EBC"
},
{
	"name": "Anarchy Brew Sublime Chaos Breakfast Stout",
	"country": "Englanti",
	"imgUrl": "//cdn.alko.fi/ProductImages/Scaled/716694/product.jpg",
	"price": "6,11",
	"volume": "0.33l",
	"description": "Ruskeanmusta, samea, täyteläinen, keskiasteisesti humaloitu, paahtomaltainen, luumuinen, tummasuklainen, kevyen mausteinen, tasapainoinen",
	"abvPercent": "7.0",
	"beerType": "stout & porter",
	"pricePerLitre": "18.52 EUR",
	"packageType": "pullo",
	"manufacturer": "Anarchy Brew Co",
	"ibuScale": "32.0 EBU",
	"platoScale": "17.0 &deg;P",
	"ebc": "57.0 EBC"
},
{
	"name": "Anchor California Lager",
	"country": "Yhdysvallat",
	"imgUrl": "//cdn.alko.fi/ProductImages/Scaled/725164/product.jpg",
	"price": "3,71",
	"volume": "0.355l",
	"description": "Kullankeltainen, keskitäyteläinen, keskiasteisesti humaloitu, viljainen, hedelmäinen, sitruksinen, yrttinen, raikas",
	"abvPercent": "4.9",
	"beerType": "lager",
	"pricePerLitre": "10.17 EUR",
	"packageType": "pullo",
	"manufacturer": "Anchor Brewing Company",
	"ibuScale": "29.4 EBU",
	"platoScale": "11.8 &deg;P",
	"ebc": "15.6 EBC"
},
{
	"name": "Anchor Liberty Ale",
	"country": "Yhdysvallat",
	"imgUrl": "//cdn.alko.fi/ProductImages/Scaled/793524/product.jpg",
	"price": "3,94",
	"volume": "0.355l",
	"description": "Oljenkeltainen, runsasvaahtoinen, täyteläinen, voimakkaasti humaloitu, sitruksinen, yrttinen, kukkainen, tyylikäs",
	"abvPercent": "5.9",
	"beerType": "ale",
	"pricePerLitre": "10.82 EUR",
	"packageType": "pullo",
	"manufacturer": "Anchor Brewing Company",
	"ibuScale": "37.3 EBU",
	"platoScale": "13.7 &deg;P",
	"ebc": "17.3 EBC"
},
{
	"name": "Anchor Winter Wheat",
	"country": "Yhdysvallat",
	"imgUrl": "//cdn.alko.fi/ProductImages/Scaled/947114/product.jpg",
	"price": "4,26",
	"volume": "0.355l",
	"description": "Musta, samea, täyteläinen, keskiasteisesti humaloitu, mausteinen, mallasleipäinen, espressomainen",
	"abvPercent": "7.0",
	"beerType": "vehnäolut",
	"pricePerLitre": "12.0 EUR",
	"packageType": "pullo",
	"manufacturer": "Anchor Brewing Company",
	"ibuScale": "28.0 EBU",
	"platoScale": "18.3 &deg;P",
	"ebc": "49.02 EBC"
},
{
	"name": "Arctic Nights Pale Ale",
	"country": "Suomi",
	"imgUrl": "//cdn.alko.fi/ProductImages/Scaled/900054/product.jpg",
	"price": "4,98",
	"volume": "0.33l",
	"description": "Kullanruskea, samea, runsasvaahtoinen, keskitäyteläinen, keskiasteisesti humaloitu, hedelmäinen",
	"abvPercent": "4.5",
	"beerType": "ale",
	"pricePerLitre": "15.09 EUR",
	"packageType": "pullo",
	"manufacturer": "Mustan Virran Panimo",
	"ibuScale": "30.4 EBU",
	"platoScale": "9.4 &deg;P",
	"ebc": "15.3 EBC"
},
{
	"name": "Arrogant Bastard  tölkki",
	"country": "Yhdysvallat",
	"imgUrl": "//cdn.alko.fi/ProductImages/Scaled/931046/product.jpg",
	"price": "5,48",
	"volume": "0.5l",
	"description": "Pähkinänruskea, täyteläinen, voimakkaasti humaloitu, mallasleipäinen, hedelmäinen, espressomainen, kevyen toffeinen, mausteinen",
	"abvPercent": "7.2",
	"beerType": "ale",
	"pricePerLitre": "10.96 EUR",
	"packageType": "tölkki",
	"manufacturer": "Stone Brewing Berlin",
	"ibuScale": "73.9 EBU",
	"platoScale": "16.5 &deg;P",
	"ebc": "85.3 EBC"
},
{
	"name": "Asahi Super Dry",
	"country": "Japani",
	"imgUrl": "//cdn.alko.fi/ProductImages/Scaled/727404/product.jpg",
	"price": "2,75",
	"volume": "0.33l",
	"description": "Keltainen, keskitäyteläinen, keskiasteisesti humaloitu, viljainen, yrttinen",
	"abvPercent": "5.0",
	"beerType": "lager",
	"pricePerLitre": "8.33 EUR",
	"packageType": "pullo",
	"manufacturer": "Asahi Breweries",
	"ibuScale": "16.4 EBU",
	"platoScale": "10.7 &deg;P",
	"ebc": "7.8 EBC"
},
{
	"name": "Aura  tölkki",
	"country": "Suomi",
	"imgUrl": "//cdn.alko.fi/ProductImages/Scaled/712644/product.jpg",
	"price": "1,86",
	"volume": "0.33l",
	"description": "Meripihkankeltainen, täyteläinen, keskiasteisesti humaloitu, maltainen, kevyen leipäinen, hedelmäinen, yrttinen, pehmeä",
	"abvPercent": "5.2",
	"beerType": "lager",
	"pricePerLitre": "5.18 EUR",
	"packageType": "tölkki",
	"manufacturer": "Hartwall",
	"ibuScale": "12.7 EBU",
	"platoScale": "11.7 &deg;P",
	"ebc": "7.3 EBC"
},
{
	"name": "Austmann Miss Saison",
	"country": "Norja",
	"imgUrl": "//cdn.alko.fi/ProductImages/Scaled/794144/product.jpg",
	"price": "4,48",
	"volume": "0.33l",
	"description": "Kullankeltainen, samea, keskitäyteläinen, keskiasteisesti humaloitu, sitruksinen, kukkainen, kevyen sitruunaruohoinen, mausteinen, raikas",
	"abvPercent": "6.0",
	"beerType": "erikoisuus",
	"pricePerLitre": "13.58 EUR",
	"packageType": "pullo",
	"manufacturer": "Austmann Bryggeri",
	"ibuScale": "21.0 EBU",
	"platoScale": "12.8 &deg;P",
	"ebc": "9.0 EBC"
},
{
	"name": "Ayinger Altbairisch Dunkel",
	"country": "Saksa",
	"imgUrl": "//cdn.alko.fi/ProductImages/Scaled/753866/product.jpg",
	"price": "3,38",
	"volume": "0.5l",
	"description": "Kastanjanruskea, runsasvaahtoinen, keskitäyteläinen, keskiasteisesti humaloitu, karamellimaltainen, kaakaoinen, kevyen sitruksinen, tasapainoinen, raikas",
	"abvPercent": "5.0",
	"beerType": "tumma lager",
	"pricePerLitre": "6.56 EUR",
	"packageType": "pullo",
	"manufacturer": "Brauerei Aying",
	"ibuScale": "19.6 EBU",
	"platoScale": "12.7 &deg;P",
	"ebc": "59.2 EBC"
},
{
	"name": "Ayinger Celebrator",
	"country": "Saksa",
	"imgUrl": "//cdn.alko.fi/ProductImages/Scaled/722054/product.jpg",
	"price": "3,29",
	"volume": "0.33l",
	"description": "Suklaanruskea, täyteläinen, keskiasteisesti humaloitu, karamellimaltainen, mallasleipäinen, tummasuklainen, hennon mausteinen, pehmeä",
	"abvPercent": "6.7",
	"beerType": "vahva lager",
	"pricePerLitre": "9.67 EUR",
	"packageType": "pullo",
	"manufacturer": "Brauerei Aying",
	"ibuScale": "27.9 EBU",
	"platoScale": "18.3 &deg;P",
	"ebc": "134.0 EBC"
},
{
	"name": "Ayinger Jahrhundert Bier",
	"country": "Saksa",
	"imgUrl": "//cdn.alko.fi/ProductImages/Scaled/740536/product.jpg",
	"price": "3,95",
	"volume": "0.5l",
	"description": "Viljankeltainen, keskitäyteläinen, keskiasteisesti humaloitu, kevyen hunajamaltainen, hennon yrttinen, tasapainoinen",
	"abvPercent": "5.5",
	"beerType": "lager",
	"pricePerLitre": "7.7 EUR",
	"packageType": "pullo",
	"manufacturer": "Brauerei Aying",
	"ibuScale": "21.6 EBU",
	"platoScale": "12.4 &deg;P",
	"ebc": "6.5 EBC"
},
{
	"name": "Ayinger Urweisse",
	"country": "Saksa",
	"imgUrl": "//cdn.alko.fi/ProductImages/Scaled/753276/product.jpg",
	"price": "3,87",
	"volume": "0.5l",
	"description": "Kinuskinruskea, samea, runsasvaahtoinen, täyteläinen, keskiasteisesti humaloitu, vehnäinen, aprikoosinen, kevyen banaaninen, mausteinen, vivahteikas",
	"abvPercent": "5.8",
	"beerType": "vehnäolut",
	"pricePerLitre": "7.54 EUR",
	"packageType": "pullo",
	"manufacturer": "Brauerei Aying",
	"ibuScale": "9.7 EBU",
	"platoScale": "13.4 &deg;P",
	"ebc": "25.9 EBC"
},
{
	"name": "Bad Brewer Amber Ale",
	"country": "Italia",
	"imgUrl": "//cdn.alko.fi/ProductImages/Scaled/941574/product.jpg",
	"price": "3,78",
	"volume": "0.33l",
	"description": "Vaaleanpunainen, kevyt, keskiasteisesti humaloitu, hedelmäinen, sitruksinen, toffeinen",
	"abvPercent": "4.9",
	"beerType": "ale",
	"pricePerLitre": "11.45 EUR",
	"packageType": "pullo",
	"manufacturer": "Birra Amarcord",
	"ibuScale": "31.0 EBU",
	"platoScale": "11.5 &deg;P",
	"ebc": "27.0 EBC"
},
{
	"name": "Bad Brewer Pale Ale",
	"country": "Italia",
	"imgUrl": "//cdn.alko.fi/ProductImages/Scaled/934594/product.jpg",
	"price": "3,79",
	"volume": "0.33l",
	"description": "Vaaleankeltainen, keskitäyteläinen, keskiasteisesti humaloitu, sitruksinen, hunajainen, hedelmäkakkuinen",
	"abvPercent": "6.0",
	"beerType": "ale",
	"pricePerLitre": "11.48 EUR",
	"packageType": "pullo",
	"manufacturer": "Birra Amarcord",
	"ibuScale": "37.0 EBU",
	"platoScale": "13.5 &deg;P",
	"ebc": "15.0 EBC"
},
{
	"name": "Baladin Nora",
	"country": "Italia",
	"imgUrl": "//cdn.alko.fi/ProductImages/Scaled/765927/product.jpg",
	"price": "10,99",
	"volume": "0.75l",
	"description": "Kullanruskea, samea, runsasvaahtoinen, keskitäyteläinen, miedosti humaloitu, hunajamaltainen, hedelmäinen, kevyen sitruksinen, hennon mausteinen, pehmeä",
	"abvPercent": "6.8",
	"beerType": "erikoisuus",
	"pricePerLitre": "14.65 EUR",
	"packageType": "pullo",
	"manufacturer": "Birrificio Baladin",
	"ibuScale": "9.0 EBU",
	"platoScale": "16.7 &deg;P",
	"ebc": "13.0 EBC"
},
{
	"name": "Ballast Point Victory at Sea",
	"country": "Yhdysvallat",
	"imgUrl": "//cdn.alko.fi/ProductImages/Scaled/760974/product.jpg",
	"price": "7,50",
	"volume": "0.355l",
	"description": "Tummanruskea, runsasvaahtoinen, erittäin täyteläinen, voimakkaasti humaloitu, paahtomaltainen, luumuinen, kahvinen, vaniljainen, runsas",
	"abvPercent": "10.0",
	"beerType": "stout & porter",
	"pricePerLitre": "21.13 EUR",
	"packageType": "pullo",
	"manufacturer": "Ballast Point",
	"ibuScale": "57.7 EBU",
	"platoScale": "21.1 &deg;P",
	"ebc": "234.0 EBC"
},
{
	"name": "Baltika 4 Original",
	"country": "Venäjä",
	"imgUrl": "//cdn.alko.fi/ProductImages/Scaled/781706/product.jpg",
	"price": "2,99",
	"volume": "0.5l",
	"description": "Kuparinruskea, keskitäyteläinen, keskiasteisesti humaloitu, karamellimaltainen, leipäinen, kuivatun luumuinen, hennon paahteinen",
	"abvPercent": "5.6",
	"beerType": "tumma lager",
	"pricePerLitre": "5.78 EUR",
	"packageType": "pullo",
	"manufacturer": "Baltika Breweries",
	"ibuScale": "14.9 EBU",
	"platoScale": "14.4 &deg;P",
	"ebc": "56.3 EBC"
},
{
	"name": "Baltika 8 Wheat",
	"country": "Venäjä",
	"imgUrl": "//cdn.alko.fi/ProductImages/Scaled/706305/product.jpg",
	"price": "3,19",
	"volume": "0.47l",
	"description": "Oljenkeltainen, samea, runsasvaahtoinen, kevyt, miedosti humaloitu, sitruksinen, hedelmäinen, hennon banaaninen, kevyen mausteinen, raikas",
	"abvPercent": "5.0",
	"beerType": "vehnäolut",
	"pricePerLitre": "6.57 EUR",
	"packageType": "pullo",
	"manufacturer": "Baltika Breweries",
	"ibuScale": "9.4 EBU",
	"platoScale": "11.7 &deg;P",
	"ebc": "12.9 EBC"
},
{
	"name": "Baltika 8 Wheat",
	"country": "Venäjä",
	"imgUrl": "//cdn.alko.fi/ProductImages/Scaled/729036/product.jpg",
	"price": "3,19",
	"volume": "0.5l",
	"description": "Oljenkeltainen, samea, runsasvaahtoinen, kevyt, miedosti humaloitu, sitruksinen, hedelmäinen, hennon banaaninen, kevyen mausteinen, raikas",
	"abvPercent": "5.0",
	"beerType": "vehnäolut",
	"pricePerLitre": "6.18 EUR",
	"packageType": "pullo",
	"manufacturer": "Baltika Breweries",
	"ibuScale": "9.4 EBU",
	"platoScale": "11.7 &deg;P",
	"ebc": "12.9 EBC"
},
{
	"name": "Baltika 9 Extra",
	"country": "Venäjä",
	"imgUrl": "//cdn.alko.fi/ProductImages/Scaled/768815/product.jpg",
	"price": "3,29",
	"volume": "0.45l",
	"description": "Sitruunankeltainen, keskitäyteläinen, miedosti humaloitu, viljainen, hedelmäinen, aprikoosinen",
	"abvPercent": "8.0",
	"beerType": "vahva lager",
	"pricePerLitre": "7.09 EUR",
	"packageType": "pullo",
	"manufacturer": "Baltika Breweries",
	"ibuScale": "17.5 EBU",
	"platoScale": "15.8 &deg;P",
	"ebc": "8.2 EBC"
},
{
	"name": "Bavaria Premium",
	"country": "Hollanti",
	"imgUrl": "//cdn.alko.fi/ProductImages/Scaled/763226/product.jpg",
	"price": "2,80",
	"volume": "0.5l",
	"description": "Oljenkeltainen, keskitäyteläinen, keskiasteisesti humaloitu, viljainen, kevyen hedelmäinen, hennon yrttinen",
	"abvPercent": "5.0",
	"beerType": "lager",
	"pricePerLitre": "5.4 EUR",
	"packageType": "pullo",
	"manufacturer": "Bavaria",
	"ibuScale": "17.3 EBU",
	"platoScale": "11.3 &deg;P",
	"ebc": "7.6 EBC"
},
{
	"name": "Beck's",
	"country": "Saksa",
	"imgUrl": "//cdn.alko.fi/ProductImages/Scaled/718424/product.jpg",
	"price": "2,18",
	"volume": "0.33l",
	"description": "Kullankeltainen, kevyt, miedosti humaloitu, viljainen, keksinen, kevyen hedelmäinen",
	"abvPercent": "5.0",
	"beerType": "lager",
	"pricePerLitre": "6.3 EUR",
	"packageType": "pullo",
	"manufacturer": "Brauerei Beck",
	"ibuScale": "18.9 EBU",
	"platoScale": "11.1 &deg;P",
	"ebc": "7.9 EBC"
},
{
	"name": "Belhaven 90 Wee Heavy",
	"country": "Skotlanti",
	"imgUrl": "//cdn.alko.fi/ProductImages/Scaled/771574/product.jpg",
	"price": "2,98",
	"volume": "0.33l",
	"description": "Kastanjanruskea, keskitäyteläinen, keskiasteisesti humaloitu, mallaskeksinen, kuivahedelmäinen, kevyen sitruksinen, tasapainoinen",
	"abvPercent": "7.4",
	"beerType": "ale",
	"pricePerLitre": "8.73 EUR",
	"packageType": "pullo",
	"manufacturer": "Belhaven",
	"ibuScale": "21.8 EBU",
	"platoScale": "15.9 &deg;P",
	"ebc": "61.4 EBC"
},
{
	"name": "Belhaven Craft Pilsner",
	"country": "Skotlanti",
	"imgUrl": "//cdn.alko.fi/ProductImages/Scaled/706334/product.jpg",
	"price": "2,40",
	"volume": "0.33l",
	"description": "Kullankeltainen, keskitäyteläinen, keskiasteisesti humaloitu, muroinen, kuivahedelmäinen, raikas",
	"abvPercent": "4.8",
	"beerType": "pils",
	"pricePerLitre": "6.97 EUR",
	"packageType": "pullo",
	"manufacturer": "Belhaven",
	"ibuScale": "15.5 EBU",
	"platoScale": "10.9 &deg;P",
	"ebc": "11.5 EBC"
},
{
	"name": "Belhaven Scottish Stout",
	"country": "Skotlanti",
	"imgUrl": "//cdn.alko.fi/ProductImages/Scaled/712466/product.jpg",
	"price": "4,98",
	"volume": "0.5l",
	"description": "Musta, runsasvaahtoinen, täyteläinen, keskiasteisesti humaloitu, karamellimaltainen, tummasuklainen, siirappinen, mausteinen",
	"abvPercent": "7.0",
	"beerType": "stout & porter",
	"pricePerLitre": "9.76 EUR",
	"packageType": "pullo",
	"manufacturer": "Belhaven",
	"ibuScale": "26.8 EBU",
	"platoScale": "15.8 &deg;P",
	"ebc": "198.0 EBC"
},
{
	"name": "Benediktinerabtei Plankstetten Dunkles",
	"country": "Saksa",
	"imgUrl": "//cdn.alko.fi/ProductImages/Scaled/703994/product.jpg",
	"price": "2,99",
	"volume": "0.33l",
	"description": "Kastanjanruskea, täyteläinen, keskiasteisesti humaloitu, maltainen, karamellinen, kaakaoinen, kevyen yrttinen, pehmeä",
	"abvPercent": "5.0",
	"beerType": "tumma lager",
	"pricePerLitre": "9.06 EUR",
	"packageType": "pullo",
	"manufacturer": "Riedenburger Brauhaus",
	"ibuScale": "16.2 EBU",
	"platoScale": "12.8 &deg;P",
	"ebc": "75.2 EBC"
},
{
	"name": "Benediktiner Weissbier",
	"country": "Saksa",
	"imgUrl": "//cdn.alko.fi/ProductImages/Scaled/750756/product.jpg",
	"price": "3,74",
	"volume": "0.5l",
	"description": "Meripihkankeltainen, samea, keskitäyteläinen, miedosti humaloitu, pähkinäinen, hedelmäinen, kevyen toffeinen",
	"abvPercent": "5.4",
	"beerType": "vehnäolut",
	"pricePerLitre": "7.28 EUR",
	"packageType": "pullo",
	"manufacturer": "Benediktiner Weissbräu",
	"ibuScale": "11.9 EBU",
	"platoScale": "12.4 &deg;P",
	"ebc": "21.1 EBC"
},
{
	"name": "Berliner Kindl Jubiläums Pilsner",
	"country": "Saksa",
	"imgUrl": "//cdn.alko.fi/ProductImages/Scaled/792056/product.jpg",
	"price": "3,49",
	"volume": "0.5l",
	"description": "Keltainen, keskitäyteläinen, keskiasteisesti humaloitu, mallaskeksinen, hennon limettinen, raikas",
	"abvPercent": "5.1",
	"beerType": "pils",
	"pricePerLitre": "6.78 EUR",
	"packageType": "pullo",
	"manufacturer": "Berliner-Kindl-Schultheiss-Brauerei",
	"ibuScale": "23.4 EBU",
	"platoScale": "11.5 &deg;P",
	"ebc": "6.5 EBC"
},
{
	"name": "Bidassoa Basque Larrun",
	"country": "Espanja",
	"imgUrl": "//cdn.alko.fi/ProductImages/Scaled/918094/product.jpg",
	"price": "5,99",
	"volume": "0.33l",
	"description": "Punaruskea, samea, runsasvaahtoinen, täyteläinen, erittäin voimakkaasti humaloitu, greippinen, aromikas, maltainen",
	"abvPercent": "8.5",
	"beerType": "ale",
	"pricePerLitre": "18.15 EUR",
	"packageType": "pullo",
	"manufacturer": "Bidassoa Basque Brewery",
	"ibuScale": "59.3 EBU",
	"platoScale": "18.0 &deg;P",
	"ebc": "37.7 EBC"
},
{
	"name": "Biere de St. Nicolas",
	"country": "Ranska",
	"imgUrl": "//cdn.alko.fi/ProductImages/Scaled/907524/product.jpg",
	"price": "4,90",
	"volume": "0.33l",
	"description": "Kinuskinruskea, samea, täyteläinen, keskiasteisesti humaloitu, hedelmäinen, mausteinen",
	"abvPercent": "6.0",
	"beerType": "erikoisuus",
	"pricePerLitre": "14.85 EUR",
	"packageType": "pullo",
	"manufacturer": "Les Brasseurs de Lorraine",
	"ibuScale": "28.0 EBU",
	"platoScale": "14.6 &deg;P",
	"ebc": "27.0 EBC"
},
{
	"name": "Birrificio del Ducato Beersel Morning",
	"country": "Italia",
	"imgUrl": "//cdn.alko.fi/ProductImages/Scaled/714067/product.jpg",
	"price": "19,99",
	"volume": "0.75l",
	"description": "XXXXX",
	"abvPercent": "6.2",
	"beerType": "erikoisuus",
	"pricePerLitre": "26.65 EUR",
	"packageType": "pullo",
	"manufacturer": "Birrificio del Ducato",
	"ibuScale": "18.0 EBU",
	"platoScale": "12.4 &deg;P",
	"ebc": "37.0 EBC"
},
{
	"name": "Birrificio del Ducato Brettpeat Daydream",
	"country": "Italia",
	"imgUrl": "//cdn.alko.fi/ProductImages/Scaled/902334/product.jpg",
	"price": "11,29",
	"volume": "0.33l",
	"description": "Keltainen, keskitäyteläinen, miedosti humaloitu, savuinen, hapanomenainen, mausteinen",
	"abvPercent": "7.0",
	"beerType": "erikoisuus",
	"pricePerLitre": "34.21 EUR",
	"packageType": "pullo",
	"manufacturer": "Birrificio del Ducato",
	"ibuScale": "13.0 EBU",
	"platoScale": "14.2 &deg;P",
	"ebc": "53.0 EBC"
},
{
	"name": "Birrificio del Ducato New Morning",
	"country": "Italia",
	"imgUrl": "//cdn.alko.fi/ProductImages/Scaled/716467/product.jpg",
	"price": "15,98",
	"volume": "0.75l",
	"description": "Meripihkankeltainen, runsasvaahtoinen, keskitäyteläinen, miedosti humaloitu, hedelmäinen, kuivatun aprikoosinen, mausteinen, hennon kukkainen, vivahteikas",
	"abvPercent": "5.8",
	"beerType": "erikoisuus",
	"pricePerLitre": "21.31 EUR",
	"packageType": "pullo",
	"manufacturer": "Birrificio del Ducato",
	"ibuScale": "30.0 EBU",
	"platoScale": "12.8 &deg;P",
	"ebc": "34.0 EBC"
},
{
	"name": "Birrificio del Ducato Verdi Imperial Stout",
	"country": "Italia",
	"imgUrl": "//cdn.alko.fi/ProductImages/Scaled/705854/product.jpg",
	"price": "9,98",
	"volume": "0.33l",
	"description": "Mustanruskea, samea, täyteläinen, keskiasteisesti humaloitu, paahtomaltainen, ruisleipäinen, luumuinen, kahvinen, runsaan mausteinen, hennon tulinen",
	"abvPercent": "8.2",
	"beerType": "stout & porter",
	"pricePerLitre": "30.24 EUR",
	"packageType": "pullo",
	"manufacturer": "Birrificio del Ducato",
	"ibuScale": "47.1 EBU",
	"platoScale": "18.3 &deg;P",
	"ebc": "119.0 EBC"
},
{
	"name": "Birrificio del Ducato Vieille Ville Barriquee",
	"country": "Italia",
	"imgUrl": "//cdn.alko.fi/ProductImages/Scaled/796727/product.jpg",
	"price": "21,50",
	"volume": "0.75l",
	"description": "Meripihkankeltainen, samea, täyteläinen, keskiasteisesti humaloitu, sitruksinen, viheromenainen, kevyen mausteinen, kirpeä",
	"abvPercent": "6.0",
	"beerType": "erikoisuus",
	"pricePerLitre": "28.67 EUR",
	"packageType": "pullo",
	"manufacturer": "Birrificio del Ducato",
	"ibuScale": "25.0 EBU",
	"platoScale": "15.0 &deg;P",
	"ebc": "22.0 EBC"
},
{
	"name": "Bitburger Premium",
	"country": "Saksa",
	"imgUrl": "//cdn.alko.fi/ProductImages/Scaled/746194/product.jpg",
	"price": "2,55",
	"volume": "0.33l",
	"description": "Kullankeltainen, keskitäyteläinen, keskiasteisesti humaloitu, viljainen, kevyen mausteinen, yrttinen, raikas",
	"abvPercent": "4.8",
	"beerType": "lager",
	"pricePerLitre": "7.42 EUR",
	"packageType": "pullo",
	"manufacturer": "Bitburger",
	"ibuScale": "28.3 EBU",
	"platoScale": "11.1 &deg;P",
	"ebc": "6.1 EBC"
},
{
	"name": "Black Isle Organic Goldeneye Pale Ale",
	"country": "Skotlanti",
	"imgUrl": "//cdn.alko.fi/ProductImages/Scaled/740414/product.jpg",
	"price": "4,92",
	"volume": "0.33l",
	"description": "Meripihkankeltainen, keskitäyteläinen, keskiasteisesti humaloitu, mallaskeksinen, makean sitruksinen, kevyen aprikoosinen, kukkainen",
	"abvPercent": "5.6",
	"beerType": "ale",
	"pricePerLitre": "14.61 EUR",
	"packageType": "pullo",
	"manufacturer": "Black Isle Brewing",
	"ibuScale": "23.5 EBU",
	"platoScale": "13.4 &deg;P",
	"ebc": "27.9 EBC"
},
{
	"name": "Black Isle Organic Hibernator Oatmeal Stout",
	"country": "Skotlanti",
	"imgUrl": "//cdn.alko.fi/ProductImages/Scaled/736474/product.jpg",
	"price": "5,25",
	"volume": "0.33l",
	"description": "Ruskeanmusta, erittäin täyteläinen, keskiasteisesti humaloitu, paahtomaltainen, hedelmätorttuinen, mokkainen, lakritsinen, runsas",
	"abvPercent": "7.0",
	"beerType": "stout & porter",
	"pricePerLitre": "15.61 EUR",
	"packageType": "pullo",
	"manufacturer": "Black Isle Brewing",
	"ibuScale": "48.6 EBU",
	"platoScale": "16.9 &deg;P",
	"ebc": "143.0 EBC"
},
{
	"name": "Bock's Dunkel",
	"country": "Suomi",
	"imgUrl": "//cdn.alko.fi/ProductImages/Scaled/907126/product.jpg",
	"price": "5,48",
	"volume": "0.5l",
	"description": "Kastanjanruskea, samea, keskitäyteläinen, keskiasteisesti humaloitu, viljainen, mausteinen, paahteinen",
	"abvPercent": "4.9",
	"beerType": "tumma lager",
	"pricePerLitre": "10.76 EUR",
	"packageType": "pullo",
	"manufacturer": "Bock's Corner Brewery",
	"ibuScale": "17.0 EBU",
	"platoScale": "11.5 &deg;P",
	"ebc": "43.0 EBC"
},
{
	"name": "Bock's IPA",
	"country": "Suomi",
	"imgUrl": "//cdn.alko.fi/ProductImages/Scaled/934776/product.jpg",
	"price": "5,99",
	"volume": "0.5l",
	"description": "Kuparinruskea, samea, keskitäyteläinen, voimakkaasti humaloitu, maltainen, ruohoinen, hedelmäinen, mausteinen",
	"abvPercent": "6.5",
	"beerType": "ale",
	"pricePerLitre": "11.78 EUR",
	"packageType": "pullo",
	"manufacturer": "Bock's Corner Brewery",
	"ibuScale": "69.7 EBU",
	"platoScale": "16.8 &deg;P",
	"ebc": "33.6 EBC"
},
{
	"name": "Bock's Pale Ale",
	"country": "Suomi",
	"imgUrl": "//cdn.alko.fi/ProductImages/Scaled/903146/product.jpg",
	"price": "5,49",
	"volume": "0.5l",
	"description": "Kullankeltainen, keskitäyteläinen, voimakkaasti humaloitu, hedelmäinen, viljainen, mausteinen",
	"abvPercent": "5.0",
	"beerType": "ale",
	"pricePerLitre": "10.78 EUR",
	"packageType": "pullo",
	"manufacturer": "Bock's Corner Brewery",
	"ibuScale": "41.0 EBU",
	"platoScale": "12.2 &deg;P",
	"ebc": "19.0 EBC"
},
{
	"name": "Bock's Pils",
	"country": "Suomi",
	"imgUrl": "//cdn.alko.fi/ProductImages/Scaled/934696/product.jpg",
	"price": "5,49",
	"volume": "0.5l",
	"description": "Kullankeltainen, keskitäyteläinen, voimakkaasti humaloitu, maltainen",
	"abvPercent": "5.0",
	"beerType": "pils",
	"pricePerLitre": "10.78 EUR",
	"packageType": "pullo",
	"manufacturer": "Bock's Corner Brewery",
	"ibuScale": "26.0 EBU",
	"platoScale": "11.1 &deg;P",
	"ebc": "10.0 EBC"
},
{
	"name": "Bock's Ruisolut Rågöl",
	"country": "Suomi",
	"imgUrl": "//cdn.alko.fi/ProductImages/Scaled/937576/product.jpg",
	"price": "5,98",
	"volume": "0.5l",
	"description": "Kinuskinruskea, samea, keskitäyteläinen, voimakkaasti humaloitu, hedelmäinen, mausteinen",
	"abvPercent": "5.5",
	"beerType": "erikoisuus",
	"pricePerLitre": "11.76 EUR",
	"packageType": "pullo",
	"manufacturer": "Bock's Corner Brewery",
	"ibuScale": "41.0 EBU",
	"platoScale": "12.8 &deg;P",
	"ebc": "45.0 EBC"
},
{
	"name": "Bohemia Regent Prezident",
	"country": "Tsekki",
	"imgUrl": "//cdn.alko.fi/ProductImages/Scaled/748156/product.jpg",
	"price": "2,97",
	"volume": "0.5l",
	"description": "Kullankeltainen, keskitäyteläinen, voimakkaasti humaloitu, viljainen, kevyen hedelmäinen, yrttinen",
	"abvPercent": "6.0",
	"beerType": "lager",
	"pricePerLitre": "5.74 EUR",
	"packageType": "pullo",
	"manufacturer": "Bohemia Regent",
	"ibuScale": "38.3 EBU",
	"platoScale": "13.7 &deg;P",
	"ebc": "14.0 EBC"
},
{
	"name": "Boon Oude Geuze",
	"country": "Belgia",
	"imgUrl": "//cdn.alko.fi/ProductImages/Scaled/775264/product.jpg",
	"price": "5,98",
	"volume": "0.375l",
	"description": "Sitruunankeltainen, samea, keskitäyteläinen, keskiasteisesti humaloitu, sitruksinen, kevyen greippinen, hennon viljainen, kukkainen, raikas",
	"abvPercent": "7.0",
	"beerType": "erikoisuus",
	"pricePerLitre": "15.95 EUR",
	"packageType": "pullo",
	"manufacturer": "Boon",
	"ibuScale": "21.8 EBU",
	"platoScale": "14.1 &deg;P",
	"ebc": "17.1 EBC"
},
{
	"name": "Boon Oude Geuze Black Label",
	"country": "Belgia",
	"imgUrl": "//cdn.alko.fi/ProductImages/Scaled/915327/product.jpg",
	"price": "12,99",
	"volume": "0.75l",
	"description": "Oljenkeltainen, samea, keskitäyteläinen, keskiasteisesti humaloitu, sitruksinen, yrttinen, aromikas",
	"abvPercent": "7.0",
	"beerType": "erikoisuus",
	"pricePerLitre": "17.32 EUR",
	"packageType": "pullo",
	"manufacturer": "Boon",
	"ibuScale": "20.0 EBU",
	"platoScale": "14.1 &deg;P",
	"ebc": "8.0 EBC"
},
{
	"name": "Borg Garun nro. 19 Icelandic Stout",
	"country": "Islanti",
	"imgUrl": "//cdn.alko.fi/ProductImages/Scaled/928604/product.jpg",
	"price": "6,30",
	"volume": "0.33l",
	"description": "Musta, täyteläinen, voimakkaasti humaloitu, kahvinen, paahteinen, suklainen",
	"abvPercent": "11.5",
	"beerType": "stout & porter",
	"pricePerLitre": "19.09 EUR",
	"packageType": "pullo",
	"manufacturer": "Borg Brugghus",
	"ibuScale": "36.7 EBU",
	"platoScale": "23.6 &deg;P",
	"ebc": "100.0 EBC"
},
{
	"name": "Borg Myrkvi nr. 13 Porter",
	"country": "Islanti",
	"imgUrl": "//cdn.alko.fi/ProductImages/Scaled/953864/product.jpg",
	"price": "5,19",
	"volume": "0.33l",
	"description": "Musta, täyteläinen, keskiasteisesti humaloitu, kahvinen, paahteinen, maltainen",
	"abvPercent": "6.0",
	"beerType": "stout & porter",
	"pricePerLitre": "15.73 EUR",
	"packageType": "pullo",
	"manufacturer": "Borg Brugghus",
	"ibuScale": "39.8 EBU",
	"platoScale": "15.5 &deg;P",
	"ebc": "97.8 EBC"
},
{
	"name": "Boulder Beer Slope Style Winter IPA",
	"country": "Yhdysvallat",
	"imgUrl": "//cdn.alko.fi/ProductImages/Scaled/701214/product.jpg",
	"price": "5,48",
	"volume": "0.355l",
	"description": "Pähkinänruskea, keskitäyteläinen, voimakkaasti humaloitu, maltainen, sitruksinen, aprikoosinen, kevyen kinuskinen, kukkainen",
	"abvPercent": "6.4",
	"beerType": "ale",
	"pricePerLitre": "15.44 EUR",
	"packageType": "pullo",
	"manufacturer": "Boulder Beer",
	"ibuScale": "46.6 EBU",
	"platoScale": "14.7 &deg;P",
	"ebc": "56.8 EBC"
},
{
	"name": "Boulevard Brewing Tank 7 Farmhouse Ale",
	"country": "Yhdysvallat",
	"imgUrl": "//cdn.alko.fi/ProductImages/Scaled/736714/product.jpg",
	"price": "6,89",
	"volume": "0.355l",
	"description": "Kullankeltainen, samea, täyteläinen, keskiasteisesti humaloitu, kypsän hedelmäinen, aprikoosinen, sitruksinen, kevyen pippurinen, hennon yrttinen, vivahteikas",
	"abvPercent": "8.5",
	"beerType": "erikoisuus",
	"pricePerLitre": "19.41 EUR",
	"packageType": "pullo",
	"manufacturer": "Boulevard Brewing Company",
	"ibuScale": "32.7 EBU",
	"platoScale": "17.4 &deg;P",
	"ebc": "20.4 EBC"
},
{
	"name": "Brewcats Crimson India Red Ale",
	"country": "Suomi",
	"imgUrl": "//cdn.alko.fi/ProductImages/Scaled/740364/product.jpg",
	"price": "4,36",
	"volume": "0.33l",
	"description": "Pähkinänruskea, samea, keskitäyteläinen, voimakkaasti humaloitu, maltainen, sitruksinen, kevyen pähkinäinen, mausteinen, hennon yrttinen",
	"abvPercent": "5.9",
	"beerType": "ale",
	"pricePerLitre": "13.21 EUR",
	"packageType": "pullo",
	"manufacturer": "Hopping Brewsters",
	"ibuScale": "79.7 EBU",
	"platoScale": "14.1 &deg;P",
	"ebc": "110.0 EBC"
},
{
	"name": "Brewcats Pirate Dog Porter",
	"country": "Suomi",
	"imgUrl": "//cdn.alko.fi/ProductImages/Scaled/949904/product.jpg",
	"price": "4,95",
	"volume": "0.33l",
	"description": "Musta, keskitäyteläinen, voimakkaasti humaloitu, kahvinen, sitruksinen, suklaamaltainen",
	"abvPercent": "5.8",
	"beerType": "stout & porter",
	"pricePerLitre": "15.0 EUR",
	"packageType": "pullo",
	"manufacturer": "Pyynikin käsityöläispanimo",
	"ibuScale": "43.6 EBU",
	"platoScale": "16.1 &deg;P",
	"ebc": "119.0 EBC"
},
{
	"name": "BrewDog 5 a.m. Saint",
	"country": "Skotlanti",
	"imgUrl": "//cdn.alko.fi/ProductImages/Scaled/730514/product.jpg",
	"price": "3,30",
	"volume": "0.33l",
	"description": "Mahonginruskea, keskitäyteläinen, voimakkaasti humaloitu, karamellimaltainen, sitruksinen, kuivahedelmäinen, kukkainen, kevyen mausteinen, pitkä",
	"abvPercent": "5.0",
	"beerType": "ale",
	"pricePerLitre": "9.7 EUR",
	"packageType": "pullo",
	"manufacturer": "BrewDog",
	"ibuScale": "27.0 EBU",
	"platoScale": "12.4 &deg;P",
	"ebc": "68.8 EBC"
},
{
	"name": "BrewDog Abstrakt AB:19",
	"country": "Skotlanti",
	"imgUrl": "//cdn.alko.fi/ProductImages/Scaled/756464/product.jpg",
	"price": "19,80",
	"volume": "0.375l",
	"description": "Ruskeanmusta, erittäin täyteläinen, miedosti humaloitu, suklaamaltainen, kuivatun viikunainen, pumpernikkelinen, salmiakkinen, vaniljainen, hennon arrakkinen, runsas, aromikas.",
	"abvPercent": "13.1",
	"beerType": "erikoisuus",
	"pricePerLitre": "52.8 EUR",
	"packageType": "pullo",
	"manufacturer": "BrewDog",
	"ibuScale": "19.0 EBU",
	"platoScale": "27.8 &deg;P",
	"ebc": "110.0 EBC"
},
{
	"name": "BrewDog Abstrakt AB:20",
	"country": "Skotlanti",
	"imgUrl": "//cdn.alko.fi/ProductImages/Scaled/956064/product.jpg",
	"price": "19,70",
	"volume": "0.375l",
	"description": "Kahvinruskea, täyteläinen, keskiasteisesti humaloitu, hedelmäinen, karamellinen, mausteinen",
	"abvPercent": "14.2",
	"beerType": "ale",
	"pricePerLitre": "52.53 EUR",
	"packageType": "pullo",
	"manufacturer": "BrewDog",
	"ibuScale": "25.0 EBU",
	"platoScale": "23.7 &deg;P",
	"ebc": "20.0 EBC"
},
{
	"name": "BrewDog Cocoa Psycho Russian Imperial Stout",
	"country": "Skotlanti",
	"imgUrl": "//cdn.alko.fi/ProductImages/Scaled/750684/product.jpg",
	"price": "7,85",
	"volume": "0.33l",
	"description": "Musta, samea, runsasvaahtoinen, erittäin täyteläinen, voimakkaasti humaloitu, paahtomaltainen, espressomainen, tumman siirappinen, raakasuklainen, mausteinen, tyylikäs, tasapainoinen",
	"abvPercent": "10.0",
	"beerType": "stout & porter",
	"packageType": "pullo",
	"manufacturer": "BrewDog",
	"ibuScale": "49.7 EBU",
	"platoScale": "23.3 &deg;P",
	"ebc": "668.0 EBC"
},
{
	"name": "BrewDog Elvis Juice Grapefruit Infused IPA",
	"country": "Skotlanti",
	"imgUrl": "//cdn.alko.fi/ProductImages/Scaled/917024/product.jpg",
	"price": "4,45",
	"volume": "0.33l",
	"description": "Kullanruskea, täyteläinen, voimakkaasti humaloitu, appelsiininen, greippinen, havuinen",
	"abvPercent": "6.5",
	"beerType": "ale",
	"pricePerLitre": "13.18 EUR",
	"packageType": "pullo",
	"manufacturer": "BrewDog",
	"ibuScale": "43.0 EBU",
	"platoScale": "14.5 &deg;P",
	"ebc": "25.2 EBC"
},
{
	"name": "BrewDog Hardcore IPA",
	"country": "Skotlanti",
	"imgUrl": "//cdn.alko.fi/ProductImages/Scaled/760124/product.jpg",
	"price": "4,98",
	"volume": "0.33l",
	"description": "Kuparinruskea, täyteläinen, erittäin voimakkaasti humaloitu, mallaskeksinen, hedelmäinen, greippinen, kukkainen, valkopippurinen, yrttinen, lämmin, pitkä",
	"abvPercent": "9.2",
	"beerType": "ale",
	"pricePerLitre": "14.79 EUR",
	"packageType": "pullo",
	"manufacturer": "BrewDog",
	"ibuScale": "75.7 EBU",
	"platoScale": "20.8 &deg;P",
	"ebc": "41.9 EBC"
},
{
	"name": "BrewDog Jack Hammer India Pale Ale  tölkki",
	"country": "Skotlanti",
	"imgUrl": "//cdn.alko.fi/ProductImages/Scaled/919974/product.jpg",
	"price": "3,99",
	"volume": "0.33l",
	"description": "Kullankeltainen, keskitäyteläinen, erittäin voimakkaasti humaloitu, kaurahiutaleinen, hedelmäinen, kevyen greippinen, mausteinen",
	"abvPercent": "7.2",
	"beerType": "ale",
	"pricePerLitre": "12.09 EUR",
	"packageType": "tölkki",
	"manufacturer": "BrewDog",
	"ibuScale": "84.5 EBU",
	"platoScale": "16.1 &deg;P",
	"ebc": "16.3 EBC"
},
{
	"name": "BrewDog Paradox Islay",
	"country": "Skotlanti",
	"imgUrl": "//cdn.alko.fi/ProductImages/Scaled/759214/product.jpg",
	"price": "17,90",
	"volume": "0.33l",
	"description": "Musta, erittäin täyteläinen, voimakkaasti humaloitu, runsaan paahtomaltainen, turpeinen, tummasuklainen, palanut, tamminen, mausteinen, runsas, lämmin",
	"abvPercent": "15.0",
	"beerType": "stout & porter",
	"pricePerLitre": "54.24 EUR",
	"packageType": "pullo",
	"manufacturer": "BrewDog",
	"ibuScale": "62.0 EBU",
	"platoScale": "26.3 &deg;P",
	"ebc": "300.0 EBC"
},
{
	"name": "BrewDog Punk IPA",
	"country": "Skotlanti",
	"imgUrl": "//cdn.alko.fi/ProductImages/Scaled/798124/product.jpg",
	"price": "3,39",
	"volume": "0.33l",
	"description": "Kullankeltainen, keskitäyteläinen, voimakkaasti humaloitu, sitruksinen, greippinen, hedelmäinen, kukkainen, raikas",
	"abvPercent": "5.6",
	"beerType": "ale",
	"pricePerLitre": "9.97 EUR",
	"packageType": "pullo",
	"manufacturer": "BrewDog",
	"ibuScale": "35.5 EBU",
	"platoScale": "13.1 &deg;P",
	"ebc": "13.5 EBC"
},
{
	"name": "BrewDog Punk IPA",
	"country": "Skotlanti",
	"imgUrl": "//cdn.alko.fi/ProductImages/Scaled/951246/product.jpg",
	"price": "4,30",
	"volume": "0.5l",
	"description": "Kullankeltainen, keskitäyteläinen, voimakkaasti humaloitu, sitruksinen, hedelmäinen, greippinen",
	"abvPercent": "5.6",
	"beerType": "ale",
	"pricePerLitre": "8.6 EUR",
	"packageType": "tölkki",
	"manufacturer": "BrewDog",
	"ibuScale": "35.5 EBU",
	"platoScale": "13.1 &deg;P",
	"ebc": "13.5 EBC"
},
{
	"name": "BrewDog Tokyo",
	"country": "Skotlanti",
	"imgUrl": "//cdn.alko.fi/ProductImages/Scaled/921224/product.jpg",
	"price": "13,98",
	"volume": "0.33l",
	"description": "Ruskeanmusta, erittäin täyteläinen, voimakkaasti humaloitu, hedelmäinen, mausteinen, yrttinen",
	"abvPercent": "16.5",
	"beerType": "stout & porter",
	"pricePerLitre": "42.36 EUR",
	"packageType": "pullo",
	"manufacturer": "BrewDog",
	"ibuScale": "85.0 EBU",
	"platoScale": "35.0 &deg;P",
	"ebc": "207.0 EBC"
},
{
	"name": "Brooklyn Brewery East India Pale Ale",
	"country": "Yhdysvallat",
	"imgUrl": "//cdn.alko.fi/ProductImages/Scaled/726904/product.jpg",
	"price": "3,66",
	"volume": "0.355l",
	"description": "Kullankeltainen, keskitäyteläinen, voimakkaasti humaloitu, mallaskeksinen, sitruksinen, aprikoosinen, kukkainen, runsas",
	"abvPercent": "6.9",
	"beerType": "ale",
	"pricePerLitre": "10.03 EUR",
	"packageType": "pullo",
	"manufacturer": "Brooklyn Brewery",
	"ibuScale": "42.0 EBU",
	"platoScale": "15.7 &deg;P",
	"ebc": "22.9 EBC"
},
{
	"name": "Brooklyn Lager",
	"country": "Yhdysvallat",
	"imgUrl": "//cdn.alko.fi/ProductImages/Scaled/737534/product.jpg",
	"price": "3,49",
	"volume": "0.355l",
	"description": "Kinuskinruskea, täyteläinen, voimakkaasti humaloitu, maltainen, kukkainen, sitruksinen, hennon valkopippurinen, runsas",
	"abvPercent": "5.2",
	"beerType": "lager",
	"pricePerLitre": "9.55 EUR",
	"packageType": "pullo",
	"manufacturer": "Brooklyn Brewery",
	"ibuScale": "25.8 EBU",
	"platoScale": "12.3 &deg;P",
	"ebc": "23.3 EBC"
},
{
	"name": "Brooklyn Local 1",
	"country": "Yhdysvallat",
	"imgUrl": "//cdn.alko.fi/ProductImages/Scaled/708797/product.jpg",
	"price": "15,91",
	"volume": "0.75l",
	"description": "Oljenkeltainen, samea, runsasvaahtoinen, täyteläinen, keskiasteisesti humaloitu, karamellimaltainen, kypsän sitruksinen, kuivatun aprikoosinen, kevyen mausteinen, tasapainoinen",
	"abvPercent": "9.0",
	"beerType": "ale",
	"pricePerLitre": "21.08 EUR",
	"packageType": "pullo",
	"manufacturer": "The Brooklyn Brewery",
	"ibuScale": "14.5 EBU",
	"platoScale": "18.0 &deg;P",
	"ebc": "13.7 EBC"
},
{
	"name": "Brooklyn Sorachi Ace",
	"country": "Yhdysvallat",
	"imgUrl": "//cdn.alko.fi/ProductImages/Scaled/772354/product.jpg",
	"price": "3,99",
	"volume": "0.355l",
	"description": "Oljenkeltainen, samea, keskitäyteläinen, voimakkaasti humaloitu, keksinen, sitruunaruohoinen, kevyen aprikoosinen, raikas, vivahteikas",
	"abvPercent": "7.2",
	"beerType": "erikoisuus",
	"pricePerLitre": "10.96 EUR",
	"packageType": "pullo",
	"manufacturer": "The Brooklyn Brewery",
	"ibuScale": "31.8 EBU",
	"platoScale": "15.1 &deg;P",
	"ebc": "10.7 EBC"
},
{
	"name": "Brunehaut Ambree Bio Gluten Free",
	"country": "Belgia",
	"imgUrl": "//cdn.alko.fi/ProductImages/Scaled/749064/product.jpg",
	"price": "3,28",
	"volume": "0.33l",
	"description": "Kinuskinruskea, samea, keskitäyteläinen, keskiasteisesti humaloitu, maltainen, leipäinen, kevyen paahteinen, kuivahedelmäinen, mausteinen",
	"abvPercent": "6.5",
	"beerType": "ale",
	"pricePerLitre": "9.64 EUR",
	"packageType": "pullo",
	"manufacturer": "Brasserie de Brunehaut",
	"ibuScale": "17.2 EBU",
	"platoScale": "15.2 &deg;P",
	"ebc": "42.5 EBC"
},
{
	"name": "Bryggeri Golden Ale",
	"country": "Suomi",
	"imgUrl": "//cdn.alko.fi/ProductImages/Scaled/774654/product.jpg",
	"price": "4,51",
	"volume": "0.33l",
	"description": "Oljenkeltainen, samea, runsasvaahtoinen, täyteläinen, voimakkaasti humaloitu, hedelmäinen, kypsän greippinen, kukkainen, pitkä",
	"abvPercent": "5.6",
	"beerType": "ale",
	"pricePerLitre": "13.36 EUR",
	"packageType": "pullo",
	"manufacturer": "Bryggeri Helsinki",
	"ibuScale": "43.3 EBU",
	"platoScale": "13.1 &deg;P",
	"ebc": "13.9 EBC"
},
{
	"name": "Bryggeri Rose",
	"country": "Suomi",
	"imgUrl": "//cdn.alko.fi/ProductImages/Scaled/922784/product.jpg",
	"price": "3,89",
	"volume": "0.33l",
	"description": "Ohuenpunainen, samea, keskitäyteläinen, miedosti humaloitu, hedelmäinen, yrttinen, aromikas",
	"abvPercent": "8.8",
	"beerType": "erikoisuus",
	"pricePerLitre": "11.48 EUR",
	"packageType": "pullo",
	"manufacturer": "Bryggeri Helsinki",
	"ibuScale": "20.0 EBU",
	"platoScale": "18.3 &deg;P",
	"ebc": "25.0 EBC"
},
{
	"name": "Bryggeri Sofia Imperial Stout",
	"country": "Suomi",
	"imgUrl": "//cdn.alko.fi/ProductImages/Scaled/761724/product.jpg",
	"price": "5,96",
	"volume": "0.33l",
	"description": "Musta, samea, täyteläinen, voimakkaasti humaloitu, paahtomaltainen, kuivahedelmäinen, kevyen espressomainen, yrttinen, mausteinen",
	"abvPercent": "9.0",
	"beerType": "stout & porter",
	"pricePerLitre": "17.76 EUR",
	"packageType": "pullo",
	"manufacturer": "Bryggeri Helsinki",
	"ibuScale": "83.9 EBU",
	"platoScale": "23.8 &deg;P",
	"ebc": "320.0 EBC"
},
{
	"name": "Bryggeri Spezial Rauchbier",
	"country": "Suomi",
	"imgUrl": "//cdn.alko.fi/ProductImages/Scaled/719134/product.jpg",
	"price": "4,79",
	"volume": "0.33l",
	"description": "Meripihkankeltainen, samea, keskitäyteläinen, keskiasteisesti humaloitu, runsaan hedelmäinen, sitruksinen, savuinen",
	"abvPercent": "5.2",
	"beerType": "erikoisuus",
	"pricePerLitre": "14.21 EUR",
	"packageType": "pullo",
	"manufacturer": "Bryggeri",
	"ibuScale": "32.9 EBU",
	"platoScale": "12.5 &deg;P",
	"ebc": "22.9 EBC"
},
{
	"name": "Bryggeri Supernova",
	"country": "Suomi",
	"imgUrl": "//cdn.alko.fi/ProductImages/Scaled/708544/product.jpg",
	"price": "4,95",
	"volume": "0.33l",
	"description": "Meripihkankeltainen, samea, täyteläinen, erittäin voimakkaasti humaloitu, keksinen, sitruksinen, greippinen, yrttinen, tasapainoinen",
	"abvPercent": "7.8",
	"beerType": "ale",
	"pricePerLitre": "14.7 EUR",
	"packageType": "pullo",
	"manufacturer": "Bryggeri Helsinki",
	"ibuScale": "65.5 EBU",
	"platoScale": "17.0 &deg;P",
	"ebc": "21.8 EBC"
},
{
	"name": "Bryggeri Supernova",
	"country": "Suomi",
	"imgUrl": "//cdn.alko.fi/ProductImages/Scaled/754024/product.jpg",
	"price": "4,95",
	"volume": "0.33l",
	"description": "Meripihkankeltainen, keskitäyteläinen, erittäin voimakkaasti humaloitu, karamellimaltainen, kuivahedelmäinen, kypsän sitruksinen, yrttinen, pitkä",
	"abvPercent": "7.8",
	"beerType": "ale",
	"pricePerLitre": "14.7 EUR",
	"packageType": "pullo",
	"manufacturer": "Bryggeri Helsinki",
	"ibuScale": "73.1 EBU",
	"platoScale": "17.0 &deg;P",
	"ebc": "22.1 EBC"
},
{
	"name": "Bryggeri Vuosisata",
	"country": "Suomi",
	"imgUrl": "//cdn.alko.fi/ProductImages/Scaled/762084/product.jpg",
	"price": "5,74",
	"volume": "0.33l",
	"description": "Pähkinänruskea, samea, täyteläinen, keskiasteisesti humaloitu, mallasleipäinen, kuivahedelmäinen, paahteinen, mausteinen, lämmin",
	"abvPercent": "10.0",
	"beerType": "vahva lager",
	"pricePerLitre": "17.09 EUR",
	"packageType": "pullo",
	"manufacturer": "Bryggeri Helsinki",
	"ibuScale": "27.0 EBU",
	"platoScale": "22.6 &deg;P",
	"ebc": "77.9 EBC"
},
{
	"name": "Bryggeri Wee Heavy Scotch Ale",
	"country": "Suomi",
	"imgUrl": "//cdn.alko.fi/ProductImages/Scaled/706314/product.jpg",
	"price": "4,90",
	"volume": "0.33l",
	"description": "Ruskea, samea, keskitäyteläinen, keskiasteisesti humaloitu, karamellimaltainen, kevyen luumuinen, kevyen hedelmäinen, hennon sitruksinen, tasapainoinen",
	"abvPercent": "7.0",
	"beerType": "ale",
	"pricePerLitre": "14.55 EUR",
	"packageType": "pullo",
	"manufacturer": "Bryggeri Helsinki",
	"ibuScale": "35.6 EBU",
	"platoScale": "17.8 &deg;P",
	"ebc": "68.3 EBC"
},
{
	"name": "Bryggeri Weizen",
	"country": "Suomi",
	"imgUrl": "//cdn.alko.fi/ProductImages/Scaled/743844/product.jpg",
	"price": "5,01",
	"volume": "0.33l",
	"description": "Vaaleankeltainen, miedosti humaloitu, keskitäyteläinen, vehnäinen, hedelmäinen, raikas",
	"abvPercent": "5.0",
	"beerType": "vehnäolut",
	"pricePerLitre": "14.88 EUR",
	"packageType": "pullo",
	"manufacturer": "Rakuuna Olut",
	"ibuScale": "18.1 EBU",
	"platoScale": "11.7 &deg;P",
	"ebc": "8.4 EBC"
},
{
	"name": "Bryggeri Winter Ale",
	"country": "Suomi",
	"imgUrl": "//cdn.alko.fi/ProductImages/Scaled/733454/product.jpg",
	"price": "4,96",
	"volume": "0.33l",
	"description": "Ruskeanmusta, keskitäyteläinen, keskiasteisesti humaloitu, maltainen, mustaherukkainen, kevyen luumuinen, kinuskinen, mausteinen",
	"abvPercent": "6.0",
	"beerType": "ale",
	"pricePerLitre": "14.73 EUR",
	"packageType": "pullo",
	"manufacturer": "Bryggeri Helsinki",
	"ibuScale": "34.1 EBU",
	"platoScale": "17.9 &deg;P",
	"ebc": "122.0 EBC"
},
{
	"name": "Budweiser",
	"country": "Yhdysvallat",
	"imgUrl": "//cdn.alko.fi/ProductImages/Scaled/738464/product.jpg",
	"price": "2,90",
	"volume": "0.33l",
	"description": "Vaaleankeltainen, kevyt, miedosti humaloitu, viljainen, hennon hedelmäinen, kevyen yrttinen, tasapainoinen",
	"abvPercent": "5.0",
	"beerType": "lager",
	"pricePerLitre": "8.48 EUR",
	"packageType": "pullo",
	"manufacturer": "Anheuser-Busch",
	"ibuScale": "5.8 EBU",
	"platoScale": "10.9 &deg;P",
	"ebc": "6.3 EBC"
},
{
	"name": "Buxton Brewery Wild Boar India Pale Ale",
	"country": "Englanti",
	"imgUrl": "//cdn.alko.fi/ProductImages/Scaled/779674/product.jpg",
	"price": "4,35",
	"volume": "0.33l",
	"description": "Oljenkeltainen, samea, keskitäyteläinen, voimakkaasti humaloitu, hedelmäinen, sitruksinen, yrttinen, kukkainen, runsas",
	"abvPercent": "5.7",
	"beerType": "ale",
	"pricePerLitre": "12.88 EUR",
	"packageType": "pullo",
	"manufacturer": "Buxton Brewery",
	"ibuScale": "59.4 EBU",
	"platoScale": "12.9 &deg;P",
	"ebc": "13.6 EBC"
},
{
	"name": "Carlsberg Elephant",
	"country": "Tanska",
	"imgUrl": "//cdn.alko.fi/ProductImages/Scaled/009414/product.jpg",
	"price": "2,58",
	"volume": "0.33l",
	"description": "Meripihkankeltainen, täyteläinen, keskiasteisesti humaloitu, hedelmäinen, maltainen, kevyen yrttinen",
	"abvPercent": "7.2",
	"beerType": "vahva lager",
	"pricePerLitre": "7.52 EUR",
	"packageType": "pullo",
	"manufacturer": "Carlsberg",
	"ibuScale": "23.2 EBU",
	"platoScale": "16.1 &deg;P",
	"ebc": "13.4 EBC"
},
{
	"name": "Castelain Fleur de Houblon",
	"country": "Ranska",
	"imgUrl": "//cdn.alko.fi/ProductImages/Scaled/779867/product.jpg",
	"price": "13,19",
	"volume": "0.75l",
	"description": "Meripihkankeltainen, täyteläinen, voimakkaasti humaloitu, karamellimaltainen, kypsän sitruksinen, kuivahedelmäinen, kevyen pähkinäinen, yrttinen, tasapainoinen",
	"abvPercent": "6.5",
	"beerType": "ale",
	"pricePerLitre": "17.59 EUR",
	"packageType": "pullo",
	"manufacturer": "Brasserie Castelain",
	"ibuScale": "45.0 EBU",
	"platoScale": "15.0 &deg;P",
	"ebc": "17.0 EBC"
},
{
	"name": "Castelain Grand Cru",
	"country": "Ranska",
	"imgUrl": "//cdn.alko.fi/ProductImages/Scaled/785887/product.jpg",
	"price": "13,75",
	"volume": "0.75l",
	"description": "Kullankeltainen, täyteläinen, keskiasteisesti humaloitu, hunajamaltainen, hedelmätorttuinen, omenainen, mausteinen, vivahteikas, lämmin",
	"abvPercent": "8.5",
	"beerType": "erikoisuus",
	"pricePerLitre": "18.33 EUR",
	"packageType": "pullo",
	"manufacturer": "Brasserie Castelain",
	"ibuScale": "22.0 EBU",
	"platoScale": "19.0 &deg;P",
	"ebc": "10.0 EBC"
},
{
	"name": "Chimay Blue",
	"country": "Belgia",
	"imgUrl": "//cdn.alko.fi/ProductImages/Scaled/776134/product.jpg",
	"price": "4,48",
	"volume": "0.33l",
	"description": "Kastanjanruskea, samea, täyteläinen, keskiasteisesti humaloitu, kypsän hedelmäinen, kevyen suklainen, hennon siirappinen, lämmin",
	"abvPercent": "9.0",
	"beerType": "erikoisuus",
	"pricePerLitre": "13.27 EUR",
	"packageType": "pullo",
	"manufacturer": "Bieres de Chimay",
	"ibuScale": "16.9 EBU",
	"platoScale": "18.7 &deg;P",
	"ebc": "64.6 EBC"
},
{
	"name": "Chimay Grande Reserve Oak Aged",
	"country": "Belgia",
	"imgUrl": "//cdn.alko.fi/ProductImages/Scaled/702897/product.jpg",
	"price": "29,90",
	"volume": "0.75l",
	"description": "Kahvinruskea, samea, runsasvaahtoinen, täyteläinen, voimakkaasti humaloitu, karamellimaltainen, kuivahedelmäinen, hennon sitruksinen, kevyen siirappinen, mausteinen, elegantti",
	"abvPercent": "10.5",
	"beerType": "erikoisuus",
	"pricePerLitre": "39.87 EUR",
	"packageType": "pullo",
	"manufacturer": "Bieres de Chimay",
	"ibuScale": "22.5 EBU",
	"platoScale": "20.0 &deg;P",
	"ebc": "60.9 EBC"
},
{
	"name": "Chimay Grande Reserve 2014",
	"country": "Belgia",
	"imgUrl": "//cdn.alko.fi/ProductImages/Scaled/731197/product.jpg",
	"price": "14,99",
	"volume": "0.75l",
	"description": "Kastanjanruskea, samea, täyteläinen, keskiasteisesti humaloitu, kypsän hedelmäinen, kevyen suklainen, hennon siirappinen, lämmin",
	"abvPercent": "9.0",
	"beerType": "erikoisuus",
	"pricePerLitre": "19.99 EUR",
	"packageType": "pullo",
	"manufacturer": "Bieres de Chimay",
	"ibuScale": "22.5 EBU",
	"platoScale": "20.0 &deg;P",
	"ebc": "60.9 EBC"
},
{
	"name": "Chimay Magnum Grande Reserve",
	"country": "Belgia",
	"imgUrl": "//cdn.alko.fi/ProductImages/Scaled/750848/product.jpg",
	"price": "34,90",
	"volume": "1.5l",
	"description": "Kastanjanruskea, samea, täyteläinen, keskiasteisesti humaloitu, kypsän hedelmäinen, kevyen suklainen, hennon siirappinen, lämmin",
	"abvPercent": "9.0",
	"beerType": "erikoisuus",
	"pricePerLitre": "23.27 EUR",
	"packageType": "pullo",
	"manufacturer": "Bieres de Chimay",
	"ibuScale": "22.5 EBU",
	"platoScale": "20.0 &deg;P",
	"ebc": "60.9 EBC"
},
{
	"name": "Chimay Red",
	"country": "Belgia",
	"imgUrl": "//cdn.alko.fi/ProductImages/Scaled/790704/product.jpg",
	"price": "4,38",
	"volume": "0.33l",
	"description": "Pähkinänruskea, samea, runsasvaahtoinen, täyteläinen, keskiasteisesti humaloitu, maltainen, kuivahedelmäinen, kevyen luumuinen, siirappinen, mausteinen, runsas",
	"abvPercent": "7.0",
	"beerType": "erikoisuus",
	"pricePerLitre": "12.97 EUR",
	"packageType": "pullo",
	"manufacturer": "Chimay",
	"ibuScale": "16.2 EBU",
	"platoScale": "15.6 &deg;P",
	"ebc": "44.4 EBC"
},
{
	"name": "Chimay White",
	"country": "Belgia",
	"imgUrl": "//cdn.alko.fi/ProductImages/Scaled/731064/product.jpg",
	"price": "4,38",
	"volume": "0.33l",
	"description": "Kullanruskea, samea, runsasvaahtoinen, täyteläinen, voimakkaasti humaloitu, hedelmätorttuinen, kevyen kinuskinen, mausteinen, tasapainoinen, vivahteikas",
	"abvPercent": "8.0",
	"beerType": "erikoisuus",
	"pricePerLitre": "12.97 EUR",
	"packageType": "pullo",
	"manufacturer": "Chimay",
	"ibuScale": "26.9 EBU",
	"platoScale": "16.8 &deg;P",
	"ebc": "21.0 EBC"
},
{
	"name": "Chouffe Houblon Dobbelen IPA Tripel",
	"country": "Belgia",
	"imgUrl": "//cdn.alko.fi/ProductImages/Scaled/753277/product.jpg",
	"price": "9,49",
	"volume": "0.75l",
	"description": "Keltainen, samea, runsasvaahtoinen, täyteläinen, voimakkaasti humaloitu, keksinen, sitruksinen, greippinen, aromaattinen, pitkä",
	"abvPercent": "9.0",
	"beerType": "ale",
	"pricePerLitre": "12.52 EUR",
	"packageType": "pullo",
	"manufacturer": "Brasserie d'Achouffe",
	"ibuScale": "42.7 EBU",
	"platoScale": "17.6 &deg;P",
	"ebc": "13.0 EBC"
},
{
	"name": "Cobra",
	"country": "Intia",
	"imgUrl": "//cdn.alko.fi/ProductImages/Scaled/754064/product.jpg",
	"price": "2,69",
	"volume": "0.33l",
	"description": "Kullankeltainen, keskitäyteläinen, miedosti humaloitu, mallaskeksinen, hedelmäinen, kevyen mausteinen",
	"abvPercent": "4.8",
	"beerType": "lager",
	"pricePerLitre": "7.85 EUR",
	"packageType": "pullo",
	"manufacturer": "Cobra Beer",
	"ibuScale": "16.4 EBU",
	"platoScale": "10.8 &deg;P",
	"ebc": "9.3 EBC"
},
{
	"name": "Collesi Ambrata",
	"country": "Italia",
	"imgUrl": "//cdn.alko.fi/ProductImages/Scaled/933406/product.jpg",
	"price": "6,48",
	"volume": "0.5l",
	"description": "Meripihkanruskea, samea, keskitäyteläinen, hedelmäinen, mausteinen, karamellinen",
	"abvPercent": "7.5",
	"beerType": "ale",
	"pricePerLitre": "12.96 EUR",
	"packageType": "pullo",
	"manufacturer": "Collesi",
	"ibuScale": "18.0 EBU",
	"platoScale": "19.0 &deg;P",
	"ebc": "26.0 EBC"
},
{
	"name": "Collesi Bionda",
	"country": "Italia",
	"imgUrl": "//cdn.alko.fi/ProductImages/Scaled/905366/product.jpg",
	"price": "6,52",
	"volume": "0.5l",
	"description": "Keltainen, samea, keskitäyteläinen, hedelmäinen, kukkainen, maltainen",
	"abvPercent": "6.0",
	"beerType": "ale",
	"pricePerLitre": "13.04 EUR",
	"packageType": "pullo",
	"manufacturer": "Collesi",
	"ibuScale": "14.5 EBU",
	"platoScale": "18.2 &deg;P",
	"ebc": "11.0 EBC"
},
{
	"name": "Cool Head Brew Copacabana",
	"country": "Suomi",
	"imgUrl": "//cdn.alko.fi/ProductImages/Scaled/959974/product.jpg",
	"price": "4,99",
	"volume": "0.33l",
	"description": "Meripihkanruskea, täyteläinen, voimakkaasti humaloitu, ruisleipäinen, hedelmäkakkuinen, aromikas",
	"abvPercent": "7.0",
	"beerType": "erikoisuus",
	"pricePerLitre": "15.12 EUR",
	"packageType": "tölkki",
	"manufacturer": "Cool Head Brew",
	"ibuScale": "51.5 EBU",
	"platoScale": "12.0 &deg;P",
	"ebc": "44.2 EBC"
},
{
	"name": "Cool Head Copacabana Rye IPA  tölkki",
	"country": "Suomi",
	"imgUrl": "//cdn.alko.fi/ProductImages/Scaled/740204/product.jpg",
	"price": "5,00",
	"volume": "0.33l",
	"description": "Meripihkanruskea, samea, täyteläinen, voimakkaasti humaloitu, karamellimaltainen, kuivahedelmäinen, kevyen rukiinen, yrttinen",
	"abvPercent": "7.0",
	"beerType": "ale",
	"pricePerLitre": "15.15 EUR",
	"packageType": "tölkki",
	"manufacturer": "Cool Head Brew",
	"ibuScale": "49.9 EBU",
	"platoScale": "16.4 &deg;P",
	"ebc": "30.4 EBC"
},
{
	"name": "Cool Head IPAnema  tölkki",
	"country": "Suomi",
	"imgUrl": "//cdn.alko.fi/ProductImages/Scaled/789714/product.jpg",
	"price": "3,70",
	"volume": "0.33l",
	"description": "Kullankeltainen, samea, keskitäyteläinen, voimakkaasti humaloitu, runsaan sitruksinen, kuivatun aprikoosinen, yrttinen, mausteinen, raikas",
	"abvPercent": "5.7",
	"beerType": "ale",
	"pricePerLitre": "11.21 EUR",
	"packageType": "tölkki",
	"manufacturer": "Cool Head Brew",
	"ibuScale": "40.2 EBU",
	"platoScale": "12.8 &deg;P",
	"ebc": "18.3 EBC"
},
{
	"name": "Cool Head Sour Head Ginger",
	"country": "Suomi",
	"imgUrl": "//cdn.alko.fi/ProductImages/Scaled/950294/product.jpg",
	"price": "4,57",
	"volume": "0.33l",
	"description": "Vaalea, kevyt, miedosti humaloitu, inkiväärinen, sitruksinen",
	"abvPercent": "4.0",
	"beerType": "erikoisuus",
	"pricePerLitre": "13.85 EUR",
	"packageType": "tölkki",
	"manufacturer": "Cool Head Brew",
	"ibuScale": "7.9 EBU",
	"platoScale": "9.4 &deg;P",
	"ebc": "10.3 EBC"
},
{
	"name": "Coors Light",
	"country": "Yhdysvallat",
	"imgUrl": "//cdn.alko.fi/ProductImages/Scaled/704824/product.jpg",
	"price": "2,53",
	"volume": "0.33l",
	"description": "Vaaleankeltainen, kevyt, miedosti humaloitu, viljainen, kevyen mausteinen, raikas",
	"abvPercent": "4.0",
	"beerType": "lager",
	"pricePerLitre": "7.36 EUR",
	"packageType": "pullo",
	"manufacturer": "Molson Coors",
	"ibuScale": "6.4 EBU",
	"platoScale": "9.6 &deg;P",
	"ebc": "5.1 EBC"
},
{
	"name": "Coppersmith's Fusion Saison Rhubarb & Raspberry",
	"country": "Ruotsi",
	"imgUrl": "//cdn.alko.fi/ProductImages/Scaled/796604/product.jpg",
	"price": "3,27",
	"volume": "0.33l",
	"description": "Oranssinpunainen, samea, runsasvaahtoinen, keskitäyteläinen, miedosti humaloitu, kevyen maltainen, vadelmainen, raparperinen, raikas",
	"abvPercent": "6.3",
	"beerType": "erikoisuus",
	"pricePerLitre": "9.91 EUR",
	"packageType": "pullo",
	"manufacturer": "Coppersmith's",
	"ibuScale": "16.8 EBU",
	"platoScale": "12.4 &deg;P",
	"ebc": "16.2 EBC"
},
{
	"name": "Corona Extra",
	"country": "Meksiko",
	"imgUrl": "//cdn.alko.fi/ProductImages/Scaled/761044/product.jpg",
	"price": "2,98",
	"volume": "0.355l",
	"description": "Vaaleankeltainen, kevyt, miedosti humaloitu, viljainen, hennon yrttinen",
	"abvPercent": "4.5",
	"beerType": "lager",
	"pricePerLitre": "8.11 EUR",
	"packageType": "pullo",
	"manufacturer": "Cerveceria Modelo",
	"ibuScale": "12.1 EBU",
	"platoScale": "11.4 &deg;P",
	"ebc": "6.9 EBC"
},
{
	"name": "Crew Republic 7:45 Escalation Double IPA",
	"country": "Saksa",
	"imgUrl": "//cdn.alko.fi/ProductImages/Scaled/932074/product.jpg",
	"price": "4,99",
	"volume": "0.33l",
	"description": "Kullankeltainen, samea, täyteläinen, voimakkaasti humaloitu, hedelmäinen, yrttinen,",
	"abvPercent": "8.3",
	"beerType": "ale",
	"pricePerLitre": "14.82 EUR",
	"packageType": "pullo",
	"manufacturer": "Crew Republic",
	"ibuScale": "54.0 EBU",
	"platoScale": "18.3 &deg;P",
	"ebc": "12.8 EBC"
},
{
	"name": "Crew Republic Roundhouse Kick Imperial Stout",
	"country": "Saksa",
	"imgUrl": "//cdn.alko.fi/ProductImages/Scaled/924504/product.jpg",
	"price": "4,99",
	"volume": "0.33l",
	"description": "Ruskeanmusta, samea, runsasvaahtoinen, voimakkaasti humaloitu, paahtomaltainen, muurinpohjalettuinen, tummasuklainen, yrttinen, kevyen mokkainen, runsas",
	"abvPercent": "9.2",
	"beerType": "stout & porter",
	"pricePerLitre": "14.82 EUR",
	"packageType": "pullo",
	"manufacturer": "Crew Republic",
	"ibuScale": "54.0 EBU",
	"platoScale": "21.1 &deg;P",
	"ebc": "274.0 EBC"
},
{
	"name": "Cuvee des Jacobins Rouge",
	"country": "Belgia",
	"imgUrl": "//cdn.alko.fi/ProductImages/Scaled/736454/product.jpg",
	"price": "3,98",
	"volume": "0.33l",
	"description": "Kastanjanruskea, samea, keskitäyteläinen, keskiasteisesti humaloitu, hedelmäinen, runsaan sitruksinen, marjainen, hapan, raikas",
	"abvPercent": "5.5",
	"beerType": "erikoisuus",
	"pricePerLitre": "11.76 EUR",
	"packageType": "pullo",
	"manufacturer": "Omer vander Ghinste",
	"ibuScale": "10.1 EBU",
	"platoScale": "12.3 &deg;P",
	"ebc": "70.2 EBC"
},
{
	"name": "Damm Inedit",
	"country": "Espanja",
	"imgUrl": "//cdn.alko.fi/ProductImages/Scaled/742174/product.jpg",
	"price": "2,98",
	"volume": "0.33l",
	"description": "Oljenkeltainen, samea, kevyt, miedosti humaloitu, vehnäinen, hedelmäinen, hennon persikkainen, kukkainen, kevyen mausteinen, raikas",
	"abvPercent": "4.8",
	"beerType": "erikoisuus",
	"pricePerLitre": "8.73 EUR",
	"packageType": "pullo",
	"manufacturer": "C.C. Damm",
	"ibuScale": "7.5 EBU",
	"platoScale": "11.7 &deg;P",
	"ebc": "8.6 EBC"
},
{
	"name": "Daura Damm",
	"country": "Espanja",
	"imgUrl": "//cdn.alko.fi/ProductImages/Scaled/754354/product.jpg",
	"price": "2,78",
	"volume": "0.33l",
	"description": "Viljankeltainen, keskitäyteläinen, keskiasteisesti humaloitu, maltainen, hedelmäinen, kevyen sitruksinen, raikas",
	"abvPercent": "5.4",
	"beerType": "lager",
	"pricePerLitre": "8.12 EUR",
	"packageType": "pullo",
	"manufacturer": "C.C. Damm",
	"ibuScale": "21.9 EBU",
	"platoScale": "13.1 &deg;P",
	"ebc": "8.6 EBC"
},
{
	"name": "De Koninck",
	"country": "Belgia",
	"imgUrl": "//cdn.alko.fi/ProductImages/Scaled/726284/product.jpg",
	"price": "2,99",
	"volume": "0.33l",
	"description": "Meripihkanruskea, keskitäyteläinen, keskiasteisesti humaloitu, makean maltainen, hedelmäinen, kevyen sitruksinen, mausteinen",
	"abvPercent": "5.2",
	"beerType": "ale",
	"pricePerLitre": "8.76 EUR",
	"packageType": "pullo",
	"manufacturer": "Brouwerij De Koninck",
	"ibuScale": "15.6 EBU",
	"platoScale": "12.0 &deg;P",
	"ebc": "30.6 EBC"
},
{
	"name": "Detour Double IPA",
	"country": "Yhdysvallat",
	"imgUrl": "//cdn.alko.fi/ProductImages/Scaled/927934/product.jpg",
	"price": "5,79",
	"volume": "0.355l",
	"description": "Meripihkankeltainen, erittäin täyteläinen, erittäin voimakkaasti humaloitu, greippinen, havuinen, hedelmäinen",
	"abvPercent": "9.5",
	"beerType": "ale",
	"pricePerLitre": "16.31 EUR",
	"packageType": "pullo",
	"manufacturer": "Uinta Brewing",
	"ibuScale": "94.0 EBU",
	"platoScale": "21.2 &deg;P",
	"ebc": "36.0 EBC"
},
{
	"name": "Devassa Tropical Lager",
	"country": "Brasilia",
	"imgUrl": "//cdn.alko.fi/ProductImages/Scaled/724844/product.jpg",
	"price": "2,41",
	"volume": "0.355l",
	"description": "Vaaleankeltainen, kevyt, miedosti humaloitu, viljainen, hedelmäinen, raikas",
	"abvPercent": "4.5",
	"beerType": "lager",
	"pricePerLitre": "6.79 EUR",
	"packageType": "pullo",
	"manufacturer": "Kirin",
	"ibuScale": "11.1 EBU",
	"platoScale": "11.0 &deg;P",
	"ebc": "7.7 EBC"
},
{
	"name": "Duvel",
	"country": "Belgia",
	"imgUrl": "//cdn.alko.fi/ProductImages/Scaled/782814/product.jpg",
	"price": "3,98",
	"volume": "0.33l",
	"description": "Vaaleankeltainen, samea, runsasvaahtoinen, täyteläinen, keskiasteisesti humaloitu, hunajamaltainen, hedelmäinen, kevyen sitruksinen, hennon yrttinen, pehmeä",
	"abvPercent": "8.5",
	"beerType": "ale",
	"pricePerLitre": "11.76 EUR",
	"packageType": "pullo",
	"manufacturer": "Duvel-Moortgat",
	"ibuScale": "24.2 EBU",
	"platoScale": "16.8 &deg;P",
	"ebc": "6.6 EBC"
},
{
	"name": "Duvel",
	"country": "Belgia",
	"imgUrl": "//cdn.alko.fi/ProductImages/Scaled/793877/product.jpg",
	"price": "11,49",
	"volume": "0.75l",
	"description": "Vaaleankeltainen, samea, runsasvaahtoinen, täyteläinen, keskiasteisesti humaloitu, hunajamaltainen, hedelmäinen, kevyen sitruksinen, hennon yrttinen, pehmeä",
	"abvPercent": "8.5",
	"beerType": "ale",
	"pricePerLitre": "15.32 EUR",
	"packageType": "pullo",
	"manufacturer": "Duvel Moortgat",
	"ibuScale": "32.0 EBU",
	"platoScale": "16.9 &deg;P",
	"ebc": "6.0 EBC"
},
{
	"name": "Duvel Tripel Hop",
	"country": "Belgia",
	"imgUrl": "//cdn.alko.fi/ProductImages/Scaled/918594/product.jpg",
	"price": "4,99",
	"volume": "0.33l",
	"description": "Keltainen, runsasvaahtoinen, keskitäyteläinen, voimakkaasti humaloitu, sitruksinen, kevyen persikkainen, kukkainen, mausteinen, yrttinen",
	"abvPercent": "9.5",
	"beerType": "ale",
	"pricePerLitre": "15.12 EUR",
	"packageType": "pullo",
	"manufacturer": "Duvel Moortgat",
	"ibuScale": "32.6 EBU",
	"platoScale": "18.2 &deg;P",
	"ebc": "6.5 EBC"
},
{
	"name": "Einstök Arctic Pale Ale",
	"country": "Islanti",
	"imgUrl": "//cdn.alko.fi/ProductImages/Scaled/906404/product.jpg",
	"price": "3,70",
	"volume": "0.33l",
	"description": "Meripihkankeltainen, runsasvaahtoinen, keskitäyteläinen, voimakkaasti humaloitu, hedelmäinen, mausteinen",
	"abvPercent": "5.6",
	"beerType": "ale",
	"pricePerLitre": "11.21 EUR",
	"packageType": "pullo",
	"manufacturer": "Einstök ölgerd",
	"ibuScale": "28.7 EBU",
	"platoScale": "12.8 &deg;P",
	"ebc": "23.3 EBC"
},
{
	"name": "Einstök Toasted Porter",
	"country": "Islanti",
	"imgUrl": "//cdn.alko.fi/ProductImages/Scaled/948704/product.jpg",
	"price": "3,89",
	"volume": "0.33l",
	"description": "Ruskeanmusta, samea, keskitäyteläinen, keskiasteisesti humaloitu, paahteinen, mausteinen",
	"abvPercent": "6.0",
	"beerType": "stout & porter",
	"pricePerLitre": "11.79 EUR",
	"packageType": "pullo",
	"manufacturer": "Einstök ölgerd",
	"ibuScale": "28.0 EBU",
	"platoScale": "14.1 &deg;P",
	"ebc": "142.0 EBC"
},
{
	"name": "Einstök White Ale  pullo",
	"country": "Islanti",
	"imgUrl": "//cdn.alko.fi/ProductImages/Scaled/917364/product.jpg",
	"price": "3,69",
	"volume": "0.33l",
	"description": "Keltainen, keskitäyteläinen, keskiasteisesti humaloitu, sitruksinen, kevyen aprikoosinen, mausteinen, raikas",
	"abvPercent": "5.2",
	"beerType": "erikoisuus",
	"pricePerLitre": "11.18 EUR",
	"packageType": "pullo",
	"manufacturer": "Einstök ölgerd",
	"ibuScale": "11.8 EBU",
	"platoScale": "12.4 &deg;P",
	"ebc": "5.7 EBC"
},
{
	"name": "Eiran Juomat Karpalo Stout Talviolut",
	"country": "Suomi",
	"imgUrl": "//cdn.alko.fi/ProductImages/Scaled/753644/product.jpg",
	"price": "4,98",
	"volume": "0.33l",
	"description": "Ruskeanmusta, samea, keskitäyteläinen, keskiasteisesti humaloitu, kuivahedelmäinen, karpaloinen, paahteinen, yrttinen, hapan",
	"abvPercent": "6.0",
	"beerType": "stout & porter",
	"pricePerLitre": "15.09 EUR",
	"packageType": "pullo",
	"manufacturer": "Eiran Juomat",
	"ibuScale": "24.5 EBU",
	"platoScale": "12.6 &deg;P",
	"ebc": "164.0 EBC"
},
{
	"name": "Eiran Juomat Mustikka Stout",
	"country": "Suomi",
	"imgUrl": "//cdn.alko.fi/ProductImages/Scaled/770864/product.jpg",
	"price": "4,48",
	"volume": "0.33l",
	"description": "Ruskeanmusta, samea, runsasvaahtoinen, täyteläinen, keskiasteisesti humaloitu, paahtomaltainen, raakasuklainen, mustikkainen, mausteinen",
	"abvPercent": "5.6",
	"beerType": "stout & porter",
	"pricePerLitre": "13.58 EUR",
	"packageType": "pullo",
	"manufacturer": "Eiran Juomat",
	"ibuScale": "26.2 EBU",
	"platoScale": "13.3 &deg;P",
	"ebc": "164.0 EBC"
},
{
	"name": "Erdinger Kristall Weissbier",
	"country": "Saksa",
	"imgUrl": "//cdn.alko.fi/ProductImages/Scaled/751896/product.jpg",
	"price": "3,48",
	"volume": "0.5l",
	"description": "Kullankeltainen, runsasvaahtoinen, kevyt, miedosti humaloitu, vehnäinen, keksinen, kevyen sitruksinen, mausteinen, raikas",
	"abvPercent": "5.3",
	"beerType": "vehnäolut",
	"pricePerLitre": "6.76 EUR",
	"packageType": "pullo",
	"manufacturer": "Erdinger",
	"ibuScale": "10.7 EBU",
	"platoScale": "12.5 &deg;P",
	"ebc": "10.3 EBC"
},
{
	"name": "Erdinger Pikantus",
	"country": "Saksa",
	"imgUrl": "//cdn.alko.fi/ProductImages/Scaled/719386/product.jpg",
	"price": "3,98",
	"volume": "0.5l",
	"description": "Tummanruskea, samea, täyteläinen, miedosti humaloitu, makean hedelmäinen, kypsän banaaninen, luumuinen, hennon lakritsinen, lämmin",
	"abvPercent": "7.3",
	"beerType": "vehnäolut",
	"pricePerLitre": "7.76 EUR",
	"packageType": "pullo",
	"manufacturer": "Erdinger Weissbräu",
	"ibuScale": "9.4 EBU",
	"platoScale": "16.7 &deg;P",
	"ebc": "68.3 EBC"
},
{
	"name": "Evil Twin I Love You with My Stout",
	"country": "Yhdysvallat",
	"imgUrl": "//cdn.alko.fi/ProductImages/Scaled/932274/product.jpg",
	"price": "7,99",
	"volume": "0.355l",
	"description": "Musta, erittäin täyteläinen, voimakkaasti humaloitu, espressomainen, paahteinen, suklainen",
	"abvPercent": "12.0",
	"beerType": "stout & porter",
	"pricePerLitre": "22.51 EUR",
	"packageType": "pullo",
	"manufacturer": "Evil Twin Brewing",
	"ibuScale": "67.0 EBU",
	"platoScale": "24.5 &deg;P",
	"ebc": "193.0 EBC"
},
{
	"name": "Evil Twin Lil' B",
	"country": "Yhdysvallat",
	"imgUrl": "//cdn.alko.fi/ProductImages/Scaled/935124/product.jpg",
	"price": "7,89",
	"volume": "0.355l",
	"description": "Musta, erittäin täyteläinen, keskiasteisesti humaloitu, espressomainen, paahteinen, suklainen",
	"abvPercent": "11.5",
	"beerType": "stout & porter",
	"pricePerLitre": "22.23 EUR",
	"packageType": "pullo",
	"manufacturer": "Evil Twin Brewing",
	"ibuScale": "31.0 EBU",
	"platoScale": "25.0 &deg;P",
	"ebc": "327.0 EBC"
},
{
	"name": "Evil Twin Liquid Double Fudge",
	"country": "Yhdysvallat",
	"imgUrl": "//cdn.alko.fi/ProductImages/Scaled/904186/product.jpg",
	"price": "14,50",
	"volume": "0.65l",
	"description": "Musta, erittäin täyteläinen, voimakkaasti humaloitu, espressomainen, paahteinen, suklainen",
	"abvPercent": "12.0",
	"beerType": "stout & porter",
	"pricePerLitre": "22.31 EUR",
	"packageType": "pullo",
	"manufacturer": "Evil Twin Brewing",
	"ibuScale": "51.0 EBU",
	"platoScale": "25.0 &deg;P",
	"ebc": "292.0 EBC"
},
{
	"name": "Evil Twin Molotov Lite Imperial India Pale Ale  tölkki",
	"country": "Yhdysvallat",
	"imgUrl": "//cdn.alko.fi/ProductImages/Scaled/750385/product.jpg",
	"price": "6,99",
	"volume": "0.473l",
	"description": "Kullankeltainen, täyteläinen, erittäin voimakkaasti humaloitu, mallaskeksinen, kuivatun aprikoosinen, greippinen, yrttinen, raikas",
	"abvPercent": "8.5",
	"beerType": "ale",
	"pricePerLitre": "14.78 EUR",
	"packageType": "tölkki",
	"manufacturer": "Evil Twin Brewing",
	"ibuScale": "91.0 EBU",
	"platoScale": "18.5 &deg;P",
	"ebc": "15.0 EBC"
},
{
	"name": "Evil Twin Wet Dream  tölkki",
	"country": "Yhdysvallat",
	"imgUrl": "//cdn.alko.fi/ProductImages/Scaled/734805/product.jpg",
	"price": "5,98",
	"volume": "0.473l",
	"description": "Pähkinänruskea, samea, täyteläinen, voimakkaasti humaloitu, ruisleipäinen, kypsän hedelmäinen, espressomainen, hennon paahteinen, mausteinen, pitkä",
	"abvPercent": "6.0",
	"beerType": "ale",
	"pricePerLitre": "12.64 EUR",
	"packageType": "tölkki",
	"manufacturer": "Evil Twin Brewing",
	"ibuScale": "47.9 EBU",
	"platoScale": "14.3 &deg;P",
	"ebc": "67.0 EBC"
},
{
	"name": "Fagerhult Export",
	"country": "Ruotsi",
	"imgUrl": "//cdn.alko.fi/ProductImages/Scaled/927916/product.jpg",
	"price": "3,95",
	"volume": "0.5l",
	"description": "Kullankeltainen, keskitäyteläinen, keskiasteisesti humaloitu, viljainen, hedelmäinen",
	"abvPercent": "5.3",
	"beerType": "lager",
	"pricePerLitre": "7.7 EUR",
	"packageType": "pullo",
	"manufacturer": "Kopparbergs Bryggeri",
	"ibuScale": "28.0 EBU",
	"platoScale": "11.9 &deg;P",
	"ebc": "5.9 EBC"
},
{
	"name": "Fat Lizard 101 California Pale Ale",
	"country": "Suomi",
	"imgUrl": "//cdn.alko.fi/ProductImages/Scaled/945748/product.jpg",
	"price": "191,64",
	"volume": "20.0l",
	"description": "Kullankeltainen, keskitäyteläinen, keskiasteisesti humaloitu, sitruksinen",
	"abvPercent": "5.8",
	"beerType": "ale",
	"pricePerLitre": "9.58 EUR",
	"packageType": "tynnyri",
	"manufacturer": "Fat Lizard Brewing Company",
	"ibuScale": "31.0 EBU",
	"platoScale": "13.8 &deg;P",
	"ebc": "19.0 EBC"
},
{
	"name": "Fat Lizard 51 Roadkill IPA",
	"country": "Suomi",
	"imgUrl": "//cdn.alko.fi/ProductImages/Scaled/944678/product.jpg",
	"price": "231,19",
	"volume": "20.0l",
	"description": "Kuparinruskea, keskitäyteläinen, erittäin voimakkaasti humaloitu, viljainen, hedelmäinen",
	"abvPercent": "6.5",
	"beerType": "ale",
	"pricePerLitre": "11.56 EUR",
	"packageType": "tynnyri",
	"manufacturer": "Fat Lizard Brewing Company",
	"ibuScale": "65.4 EBU",
	"platoScale": "17.0 &deg;P",
	"ebc": "21.9 EBC"
},
{
	"name": "Fat Lizard Je Suis Saison",
	"country": "Suomi",
	"imgUrl": "//cdn.alko.fi/ProductImages/Scaled/900177/product.jpg",
	"price": "14,90",
	"volume": "0.75l",
	"description": "Meripihkankeltainen, samea, keskitäyteläinen, keskiasteisesti humaloitu, viljainen, hedelmäinen, mausteinen",
	"abvPercent": "6.3",
	"beerType": "erikoisuus",
	"pricePerLitre": "19.87 EUR",
	"packageType": "pullo",
	"manufacturer": "Fat Lizard Brewing Company",
	"ibuScale": "26.0 EBU",
	"platoScale": "12.7 &deg;P",
	"ebc": "7.4 EBC"
},
{
	"name": "Fat Lizard Saison Rose",
	"country": "Suomi",
	"imgUrl": "//cdn.alko.fi/ProductImages/Scaled/947247/product.jpg",
	"price": "14,90",
	"volume": "0.75l",
	"description": "Punertava, kevyt, keskiasteisesti humaloitu, sitruksinen, vadelmainen, aromikas",
	"abvPercent": "6.3",
	"beerType": "erikoisuus",
	"pricePerLitre": "19.87 EUR",
	"packageType": "pullo",
	"manufacturer": "Fat Lizard Brewing",
	"ibuScale": "26.0 EBU",
	"platoScale": "12.7 &deg;P",
	"ebc": "7.0 EBC"
},
{
	"name": "Finch's Beer Chimera IPA",
	"country": "Yhdysvallat",
	"imgUrl": "//cdn.alko.fi/ProductImages/Scaled/951965/product.jpg",
	"price": "5,90",
	"volume": "0.473l",
	"description": "Meripihkankeltainen, samea, keskitäyteläinen, voimakkaasti humaloitu, sitruksinen, yrttinen",
	"abvPercent": "6.0",
	"beerType": "ale",
	"pricePerLitre": "12.47 EUR",
	"packageType": "tölkki",
	"manufacturer": "Finch's",
	"ibuScale": "41.0 EBU",
	"platoScale": "13.5 &deg;P",
	"ebc": "10.0 EBC"
},
{
	"name": "Finch's Beer Fascist Pig Ale",
	"country": "Yhdysvallat",
	"imgUrl": "//cdn.alko.fi/ProductImages/Scaled/942255/product.jpg",
	"price": "4,69",
	"volume": "0.473l",
	"description": "Punainen, täyteläinen, voimakkaasti humaloitu, aromikas, karamellinen, maltainen",
	"abvPercent": "8.0",
	"beerType": "ale",
	"pricePerLitre": "9.92 EUR",
	"packageType": "tölkki",
	"manufacturer": "Finch's Beer",
	"ibuScale": "72.0 EBU",
	"platoScale": "17.2 &deg;P",
	"ebc": "31.5 EBC"
},
{
	"name": "Finch's Beer Hardcore Chimera Imperial IPA",
	"country": "Yhdysvallat",
	"imgUrl": "//cdn.alko.fi/ProductImages/Scaled/930925/product.jpg",
	"price": "5,98",
	"volume": "0.473l",
	"description": "Kinuskinruskea, samea, täyteläinen, voimakkaasti humaloitu, maltainen, hedelmäinen, mausteinen",
	"abvPercent": "9.0",
	"beerType": "ale",
	"pricePerLitre": "12.64 EUR",
	"packageType": "tölkki",
	"manufacturer": "Finch's Beer",
	"ibuScale": "80.0 EBU",
	"platoScale": "18.1 &deg;P",
	"ebc": "10.0 EBC"
},
{
	"name": "Finch's Beer Sobek & Set Black IPA",
	"country": "Yhdysvallat",
	"imgUrl": "//cdn.alko.fi/ProductImages/Scaled/916385/product.jpg",
	"price": "6,30",
	"volume": "0.473l",
	"description": "Mustanruskea, samea, runsasvaahtoinen, täyteläinen, voimakkaasti humaloitu, maltainen, mausteinen, paahteinen",
	"abvPercent": "8.0",
	"beerType": "ale",
	"pricePerLitre": "13.32 EUR",
	"packageType": "tölkki",
	"manufacturer": "Finch's",
	"ibuScale": "57.0 EBU",
	"platoScale": "17.2 &deg;P",
	"ebc": "69.0 EBC"
},
{
	"name": "Finlandia Sahti",
	"country": "Suomi",
	"imgUrl": "//cdn.alko.fi/ProductImages/Scaled/923387/product.jpg",
	"price": "10,59",
	"volume": "0.75l",
	"description": "Ruskea,samea, täyteläinen, makeahko, hedelmäinen, aromikas",
	"abvPercent": "8.0",
	"beerType": "erikoisuus",
	"pricePerLitre": "14.12 EUR",
	"packageType": "pullo",
	"manufacturer": "Finlandia Sahti",
	"platoScale": "21.8 &deg;P",
    "ibuScale": "75.8 EBU",
    "ebc": "128.0 EBC"
},
{
	"name": "Finlandia Sahti Strong",
	"country": "Suomi",
	"imgUrl": "//cdn.alko.fi/ProductImages/Scaled/927287/product.jpg",
	"price": "11,94",
	"volume": "0.75l",
	"description": "Ruskea, samea, täyteläinen, makeahko, hedelmäinen, aromikas",
	"abvPercent": "10.0",
	"beerType": "erikoisuus",
	"pricePerLitre": "15.92 EUR",
	"packageType": "pullo",
	"manufacturer": "Finlandia Sahti",
	"platoScale": "23.9 &deg;P",
    "ibuScale": "75.8 EBU",
    "ebc": "128.0 EBC"
},
{
	"name": "Flying Dutchman Black is Black And I Want My Baby Back",
	"country": "Suomi",
	"imgUrl": "//cdn.alko.fi/ProductImages/Scaled/733184/product.jpg",
	"price": "3,99",
	"volume": "0.33l",
	"description": "Tummanruskea, runsasvaahtoinen, keskitäyteläinen, voimakkaasti humaloitu, maltainen, kevyen ruisleipäinen, sitruksinen, paahteinen, havuinen, hennon mausteinen",
	"abvPercent": "5.5",
	"beerType": "ale",
	"pricePerLitre": "12.09 EUR",
	"packageType": "pullo",
	"manufacturer": "Flying Dutchman Nomad Brewing",
	"ibuScale": "75.8 EBU",
	"platoScale": "13.1 &deg;P",
	"ebc": "128.0 EBC"
},
{
	"name": "Flying Dutchman Flip Flopped White IPA",
	"country": "Suomi",
	"imgUrl": "//cdn.alko.fi/ProductImages/Scaled/734634/product.jpg",
	"price": "4,10",
	"volume": "0.33l",
	"description": "Oljenkeltainen, samea, keskitäyteläinen, voimakkaasti humaloitu, runsaan sitruksinen, viljainen, greippinen, yrttinen, raikas",
	"abvPercent": "5.5",
	"beerType": "ale",
	"pricePerLitre": "12.42 EUR",
	"packageType": "pullo",
	"manufacturer": "Flying Dutchman Brewing",
	"ibuScale": "47.5 EBU",
	"platoScale": "11.9 &deg;P",
	"ebc": "7.6 EBC"
},
{
	"name": "Flying Dutchman Strong Minded Brave Hearted Bold As Love",
	"country": "Suomi",
	"imgUrl": "//cdn.alko.fi/ProductImages/Scaled/719974/product.jpg",
	"price": "3,85",
	"volume": "0.33l",
	"description": "Oljenkeltainen, keskitäyteläinen, erittäin voimakkaasti humaloitu, sitruksinen, greippinen, raikas",
	"abvPercent": "5.2",
	"beerType": "lager",
	"pricePerLitre": "11.36 EUR",
	"packageType": "pullo",
	"manufacturer": "Flying Dutchman Brewing",
	"ibuScale": "76.0 EBU",
	"platoScale": "11.7 &deg;P",
	"ebc": "12.2 EBC"
},
{
	"name": "Founders Azacca IPA",
	"country": "Yhdysvallat",
	"imgUrl": "//cdn.alko.fi/ProductImages/Scaled/955914/product.jpg",
	"price": "4,20",
	"volume": "0.355l",
	"description": "Meripihkankeltainen, täyteläinen, voimakkaasti humaloitu, hedelmäinen, maltainen, sitruksinen",
	"abvPercent": "7.0",
	"beerType": "ale",
	"pricePerLitre": "11.83 EUR",
	"packageType": "pullo",
	"manufacturer": "Founders Brewing",
	"ibuScale": "64.0 EBU",
	"platoScale": "15.6 &deg;P",
	"ebc": "28.6 EBC"
},
{
	"name": "Founders Backwoods Bastard",
	"country": "Yhdysvallat",
	"imgUrl": "//cdn.alko.fi/ProductImages/Scaled/917434/product.jpg",
	"price": "7,99",
	"volume": "0.355l",
	"description": "Mahonginruskea, erittäin täyteläinen, voimakkaasti humaloitu, kaakaoinen, pähkinäinen, suklaamaltainen",
	"abvPercent": "11.1",
	"beerType": "ale",
	"pricePerLitre": "22.51 EUR",
	"packageType": "pullo",
	"manufacturer": "Founders Brewing",
	"ibuScale": "34.1 EBU",
	"platoScale": "24.0 &deg;P",
	"ebc": "114.0 EBC"
},
{
	"name": "Founders Breakfast Stout",
	"country": "Yhdysvallat",
	"imgUrl": "//cdn.alko.fi/ProductImages/Scaled/773714/product.jpg",
	"price": "4,98",
	"volume": "0.355l",
	"description": "Mustanruskea, täyteläinen, voimakkaasti humaloitu, paahtomaltainen, mallasleipäinen, kahvinen, tummasuklainen, kevyen yrttinen",
	"abvPercent": "8.3",
	"beerType": "stout & porter",
	"pricePerLitre": "13.75 EUR",
	"packageType": "pullo",
	"manufacturer": "Founders Brewing",
	"ibuScale": "36.0 EBU",
	"platoScale": "19.9 &deg;P",
	"ebc": "293.0 EBC"
},
{
	"name": "Founders Centennial IPA",
	"country": "Yhdysvallat",
	"imgUrl": "//cdn.alko.fi/ProductImages/Scaled/788224/product.jpg",
	"price": "3,99",
	"volume": "0.355l",
	"description": "Kuparinruskea, keskitäyteläinen, erittäin voimakkaasti humaloitu, hunajamaltainen, hedelmäinen, greippinen, yrttinen, kukkainen, kevyen valkopippurinen",
	"abvPercent": "7.2",
	"beerType": "ale",
	"pricePerLitre": "10.96 EUR",
	"packageType": "pullo",
	"manufacturer": "Founders Brewing",
	"ibuScale": "65.5 EBU",
	"platoScale": "16.4 &deg;P",
	"ebc": "35.7 EBC"
},
{
	"name": "Founders Centennial IPA  tölkki",
	"country": "Yhdysvallat",
	"imgUrl": "//cdn.alko.fi/ProductImages/Scaled/732264/product.jpg",
	"price": "3,89",
	"volume": "0.355l",
	"description": "Kuparinruskea, keskitäyteläinen, erittäin voimakkaasti humaloitu, hunajamaltainen, hedelmäinen, greippinen, yrttinen, kukkainen, kevyen valkopippurinen",
	"abvPercent": "7.2",
	"beerType": "ale",
	"pricePerLitre": "10.96 EUR",
	"packageType": "tölkki",
	"manufacturer": "Founders Brewing",
	"ibuScale": "65.5 EBU",
	"platoScale": "16.4 &deg;P",
	"ebc": "35.7 EBC"
},
{
	"name": "Founders Devil Dancer",
	"country": "Yhdysvallat",
	"imgUrl": "//cdn.alko.fi/ProductImages/Scaled/926484/product.jpg",
	"price": "9,79",
	"volume": "0.355l",
	"description": "Meripihkanruskea, samea, täyteläinen, erittäin voimakkaasti humaloitu, hedelmäinen, yrttinen, karamellinen",
	"abvPercent": "12.0",
	"beerType": "ale",
	"pricePerLitre": "27.58 EUR",
	"packageType": "pullo",
	"manufacturer": "Founders Brewing",
	"ibuScale": "112.0 EBU",
	"platoScale": "25.9 &deg;P",
	"ebc": "67.0 EBC"
},
{
	"name": "Founders Dirty Bastard",
	"country": "Yhdysvallat",
	"imgUrl": "//cdn.alko.fi/ProductImages/Scaled/772864/product.jpg",
	"price": "3,99",
	"volume": "0.355l",
	"description": "Kastanjanruskea, täyteläinen, voimakkaasti humaloitu, mallasleipäinen, kuivahedelmäinen, suklainen, kevyen siirappinen, paahteinen, hennon pippurinen, mausteinen, runsas, pitkä",
	"abvPercent": "8.5",
	"beerType": "ale",
	"pricePerLitre": "10.96 EUR",
	"packageType": "pullo",
	"manufacturer": "Founders Brewing",
	"ibuScale": "37.2 EBU",
	"platoScale": "19.7 &deg;P",
	"ebc": "120.0 EBC"
},
{
	"name": "Founders KBS",
	"country": "Yhdysvallat",
	"imgUrl": "//cdn.alko.fi/ProductImages/Scaled/736444/product.jpg",
	"price": "8,98",
	"volume": "0.355l",
	"description": "Ruskeanmusta, erittäin täyteläinen, voimakkaasti humaloitu, paahtomaltainen, kuivahedelmäinen, taatelinen, kaakaoinen, mokkainen, hennon vaniljainen, runsas, pitkä",
	"abvPercent": "11.9",
	"beerType": "stout & porter",
	"pricePerLitre": "25.3 EUR",
	"packageType": "pullo",
	"manufacturer": "Founders Brewing",
	"ibuScale": "39.3 EBU",
	"platoScale": "25.6 &deg;P",
	"ebc": "324.0 EBC"
},
{
	"name": "Founders Lizard of Koz",
	"country": "Yhdysvallat",
	"imgUrl": "//cdn.alko.fi/ProductImages/Scaled/917367/product.jpg",
	"price": "26,90",
	"volume": "0.75l",
	"description": "Musta, erittäin täyteläinen, voimakkaasti humaloitu, marjainen, vaniljainen, suklainen",
	"abvPercent": "10.5",
	"beerType": "stout & porter",
	"pricePerLitre": "35.87 EUR",
	"packageType": "pullo",
	"manufacturer": "Founders Brewing",
	"ibuScale": "94.0 EBU",
	"platoScale": "26.2 &deg;P",
	"ebc": "613.0 EBC"
},
{
	"name": "Founders Mosaic Promise",
	"country": "Yhdysvallat",
	"imgUrl": "//cdn.alko.fi/ProductImages/Scaled/933714/product.jpg",
	"price": "4,98",
	"volume": "0.355l",
	"description": "Keltainen, samea, keskitäyteläinen, voimakkaasti humaloitu, maltainen, hedelmäinen, mausteinen",
	"abvPercent": "5.5",
	"beerType": "ale",
	"pricePerLitre": "14.03 EUR",
	"packageType": "pullo",
	"manufacturer": "Founders",
	"ibuScale": "50.0 EBU",
	"platoScale": "12.6 &deg;P",
	"ebc": "12.0 EBC"
},
{
	"name": "Founders Porter",
	"country": "Yhdysvallat",
	"imgUrl": "//cdn.alko.fi/ProductImages/Scaled/702824/product.jpg",
	"price": "3,99",
	"volume": "0.355l",
	"description": "Ruskeanmusta, täyteläinen, voimakkaasti humaloitu, paahtomaltainen, luumuinen, suklainen, kahvinen, yrttinen, kevyen palanut, runsas, pitkä",
	"abvPercent": "6.5",
	"beerType": "stout & porter",
	"pricePerLitre": "10.96 EUR",
	"packageType": "pullo",
	"manufacturer": "Founders Brewing",
	"ibuScale": "47.9 EBU",
	"platoScale": "16.8 &deg;P",
	"ebc": "239.0 EBC"
},
{
	"name": "Founders Redankulous",
	"country": "Yhdysvallat",
	"imgUrl": "//cdn.alko.fi/ProductImages/Scaled/936274/product.jpg",
	"price": "6,99",
	"volume": "0.355l",
	"description": "Kahvinruskea, runsasvaahtoinen, täyteläinen, voimakkaasti humaloitu, maltainen, hedelmäinen, mausteinen, karamellinen",
	"abvPercent": "9.5",
	"beerType": "ale",
	"pricePerLitre": "19.69 EUR",
	"packageType": "pullo",
	"manufacturer": "Founders Brewing",
	"ibuScale": "90.0 EBU",
	"platoScale": "20.0 &deg;P",
	"ebc": "59.0 EBC"
},
{
	"name": "Franziskaner Hefe-Weissbier",
	"country": "Saksa",
	"imgUrl": "//cdn.alko.fi/ProductImages/Scaled/009475/product.jpg",
	"price": "4,19",
	"volume": "0.5l",
	"description": "Meripihkankeltainen, samea, runsasvaahtoinen, keskitäyteläinen, miedosti humaloitu, hedelmäinen, hennon banaaninen, kevyen yrttinen",
	"abvPercent": "5.0",
	"beerType": "vehnäolut",
	"pricePerLitre": "8.18 EUR",
	"packageType": "pullo",
	"manufacturer": "Spaten-Franziskaner-Bräu",
	"ibuScale": "7.9 EBU",
	"platoScale": "11.6 &deg;P",
	"ebc": "15.2 EBC"
},
{
	"name": "Franziskaner Weissbier Dunkel",
	"country": "Saksa",
	"imgUrl": "//cdn.alko.fi/ProductImages/Scaled/799486/product.jpg",
	"price": "4,17",
	"volume": "0.5l",
	"description": "Mahonginruskea, samea, täyteläinen, miedosti humaloitu, kypsän hedelmäinen, banaaninen, hennon luumuinen, kevyen yrttinen",
	"abvPercent": "5.0",
	"beerType": "vehnäolut",
	"pricePerLitre": "8.14 EUR",
	"packageType": "pullo",
	"manufacturer": "Spaten-Franziskaner-Bräu",
	"ibuScale": "8.4 EBU",
	"platoScale": "11.7 &deg;P",
	"ebc": "48.7 EBC"
},
{
	"name": "Fuller's 1845",
	"country": "Englanti",
	"imgUrl": "//cdn.alko.fi/ProductImages/Scaled/716026/product.jpg",
	"price": "3,99",
	"volume": "0.5l",
	"description": "Kuparinruskea, samea, täyteläinen, voimakkaasti humaloitu, mallasleipäinen, hedelmäinen, pähkinäinen, kevyen mausteinen",
	"abvPercent": "6.3",
	"beerType": "ale",
	"pricePerLitre": "7.78 EUR",
	"packageType": "pullo",
	"manufacturer": "Fuller's",
	"ibuScale": "39.1 EBU",
	"platoScale": "15.6 &deg;P",
	"ebc": "50.7 EBC"
},
{
	"name": "Fuller's Brewer's Reserve No. 5",
	"country": "Englanti",
	"imgUrl": "//cdn.alko.fi/ProductImages/Scaled/713056/product.jpg",
	"price": "9,94",
	"volume": "0.5l",
	"description": "Kastanjanruskea, täyteläinen, keskiasteisesti humaloitu, karamellimaltainen, kuivahedelmäinen, kevyen suolaheinäinen, paahteinen, tamminen, vivahteikas",
	"abvPercent": "8.5",
	"beerType": "ale",
	"pricePerLitre": "19.88 EUR",
	"packageType": "pullo",
	"manufacturer": "Fuller's",
	"ibuScale": "26.5 EBU",
	"platoScale": "19.8 &deg;P",
	"ebc": "42.25 EBC"
},
{
	"name": "Fuller's ESB Extra Special Bitter",
	"country": "Englanti",
	"imgUrl": "//cdn.alko.fi/ProductImages/Scaled/009376/product.jpg",
	"price": "3,98",
	"volume": "0.5l",
	"description": "Meripihkanruskea, täyteläinen, voimakkaasti humaloitu, hedelmäinen, mallasleipäinen, yrttinen, hennon toffeinen",
	"abvPercent": "5.9",
	"beerType": "ale",
	"pricePerLitre": "7.76 EUR",
	"packageType": "pullo",
	"manufacturer": "Fuller's",
	"ibuScale": "28.2 EBU",
	"platoScale": "14.0 &deg;P",
	"ebc": "31.5 EBC"
},
{
	"name": "Fuller's Golden Pride",
	"country": "Englanti",
	"imgUrl": "//cdn.alko.fi/ProductImages/Scaled/736936/product.jpg",
	"price": "4,98",
	"volume": "0.5l",
	"description": "Mahonginruskea, erittäin täyteläinen, voimakkaasti humaloitu, hunajamaltainen, mallasleipäinen, hennon salmiakkinen, yrttinen, pehmeä, lämmin",
	"abvPercent": "8.5",
	"beerType": "erikoisuus",
	"pricePerLitre": "9.76 EUR",
	"packageType": "pullo",
	"manufacturer": "Fuller's",
	"ibuScale": "34.7 EBU",
	"platoScale": "19.7 &deg;P",
	"ebc": "48.3 EBC"
},
{
	"name": "Fuller's Imperial Stout",
	"country": "Englanti",
	"imgUrl": "//cdn.alko.fi/ProductImages/Scaled/914896/product.jpg",
	"price": "9,96",
	"volume": "0.5l",
	"description": "Musta, erittäin täyteläinen, voimakkaasti humaloitu, hedelmäinen, paahteinen, mausteinen",
	"abvPercent": "10.7",
	"beerType": "stout & porter",
	"pricePerLitre": "19.92 EUR",
	"packageType": "pullo",
	"manufacturer": "Fuller's",
	"ibuScale": "60.0 EBU",
	"platoScale": "27.0 &deg;P",
	"ebc": "257.0 EBC"
},
{
	"name": "Fuller's India Pale Ale",
	"country": "Englanti",
	"imgUrl": "//cdn.alko.fi/ProductImages/Scaled/726566/product.jpg",
	"price": "3,98",
	"volume": "0.5l",
	"description": "Meripihkanruskea, täyteläinen, voimakkaasti humaloitu, karamellimaltainen, kuivatun aprikoosinen, sitruksinen, hennon kukkainen, hienostunut",
	"abvPercent": "5.3",
	"beerType": "ale",
	"pricePerLitre": "7.76 EUR",
	"packageType": "pullo",
	"manufacturer": "Fuller's",
	"ibuScale": "34.7 EBU",
	"platoScale": "13.0 &deg;P",
	"ebc": "22.8 EBC"
},
{
	"name": "Fuller's London Porter",
	"country": "Englanti",
	"imgUrl": "//cdn.alko.fi/ProductImages/Scaled/716436/product.jpg",
	"price": "3,99",
	"volume": "0.5l",
	"description": "Mustanruskea, runsasvaahtoinen, täyteläinen, voimakkaasti humaloitu, suklaamaltainen, kahvinen, lakritsinen, tyylikäs, pitkä",
	"abvPercent": "5.4",
	"beerType": "stout & porter",
	"pricePerLitre": "7.78 EUR",
	"packageType": "pullo",
	"manufacturer": "Fuller's",
	"ibuScale": "28.6 EBU",
	"platoScale": "13.8 &deg;P",
	"ebc": "124.0 EBC"
},
{
	"name": "Fuller's Organic Honey Dew",
	"country": "Englanti",
	"imgUrl": "//cdn.alko.fi/ProductImages/Scaled/700546/product.jpg",
	"price": "3,98",
	"volume": "0.5l",
	"description": "Oljenkeltainen, keskitäyteläinen, keskiasteisesti humaloitu, maltainen, keksimäinen, hunajainen, hennon hedelmäinen, kevyen yrttinen",
	"abvPercent": "5.0",
	"beerType": "ale",
	"pricePerLitre": "7.76 EUR",
	"packageType": "pullo",
	"manufacturer": "Fuller's",
	"ibuScale": "16.6 EBU",
	"platoScale": "12.3 &deg;P",
	"ebc": "10.4 EBC"
},
{
	"name": "Fuller's Past Masters 1914",
	"country": "Englanti",
	"imgUrl": "//cdn.alko.fi/ProductImages/Scaled/951876/product.jpg",
	"price": "5,65",
	"volume": "0.5l",
	"description": "Kuparinruskea, täyteläinen, keskiasteisesti humaloitu, hedelmäinen, mausteinen",
	"abvPercent": "7.3",
	"beerType": "ale",
	"pricePerLitre": "11.3 EUR",
	"packageType": "pullo",
	"manufacturer": "Fuller's",
	"ibuScale": "33.75 EBU",
	"platoScale": "16.8 &deg;P",
	"ebc": "25.5 EBC"
},
{
	"name": "Fuller's Vintage Ale 2016",
	"country": "Englanti",
	"imgUrl": "//cdn.alko.fi/ProductImages/Scaled/724826/product.jpg",
	"price": "8,91",
	"volume": "0.5l",
	"description": "Meripihkanruskea, täyteläinen, voimakkaasti humaloitu, pähkinäinen, hedelmätorttuinen, kevyen luumuinen, hennon suklainen, yrttinen, tyylikäs",
	"abvPercent": "8.5",
	"beerType": "ale",
	"pricePerLitre": "17.82 EUR",
	"packageType": "pullo",
	"manufacturer": "Fuller's",
	"ibuScale": "30.1 EBU",
	"platoScale": "20.8 &deg;P",
	"ebc": "38.6 EBC"
},
{
	"name": "Gauloise Brune",
	"country": "Belgia",
	"imgUrl": "//cdn.alko.fi/ProductImages/Scaled/727407/product.jpg",
	"price": "8,99",
	"volume": "0.75l",
	"description": "Kastanjanruskea, samea, runsasvaahtoinen, täyteläinen, keskiasteisesti humaloitu, ruisleipäinen, kuivahedelmäinen, pitkä",
	"abvPercent": "8.1",
	"beerType": "ale",
	"pricePerLitre": "11.85 EUR",
	"packageType": "pullo",
	"manufacturer": "Brasserie du Bocq",
	"ibuScale": "16.1 EBU",
	"platoScale": "17.7 &deg;P",
	"ebc": "80.7 EBC"
},
{
	"name": "Gouden Carolus Classic",
	"country": "Belgia",
	"imgUrl": "//cdn.alko.fi/ProductImages/Scaled/711877/product.jpg",
	"price": "8,81",
	"volume": "0.75l",
	"description": "Kahvinruskea, runsasvaahtoinen, keskitäyteläinen, keskiasteisesti humaloitu, hedelmäinen, imelän maltainen, pähkinäinen",
	"abvPercent": "8.5",
	"beerType": "ale",
	"pricePerLitre": "11.61 EUR",
	"packageType": "pullo",
	"manufacturer": "Het Anker",
	"ibuScale": "15.5 EBU",
	"platoScale": "18.7 &deg;P",
	"ebc": "72.2 EBC"
},
{
	"name": "Gouden Carolus Cuvee Van De Keizer Blue",
	"country": "Belgia",
	"imgUrl": "//cdn.alko.fi/ProductImages/Scaled/937707/product.jpg",
	"price": "11,77",
	"volume": "0.75l",
	"description": "Kastanjanruskea, runsasvaahtoinen, täyteläinen, keskiasteisesti humaloitu, aprikoosihilloinen, siirappinen, hennon savuinen",
	"abvPercent": "11.0",
	"beerType": "ale",
	"pricePerLitre": "15.56 EUR",
	"packageType": "pullo",
	"manufacturer": "Het Anker",
	"ibuScale": "15.8 EBU",
	"platoScale": "23.3 &deg;P",
	"ebc": "76.9 EBC"
},
{
	"name": "Gouden Carolus Cuvee Van De Keizer Red 2015 2015",
	"country": "Belgia",
	"imgUrl": "//cdn.alko.fi/ProductImages/Scaled/942757/product.jpg",
	"price": "10,79",
	"volume": "0.75l",
	"description": "Keltainen, täyteläinen, keskiasteisesti humaloitu, hedelmäinen, maltainen, mausteinen,",
	"abvPercent": "10.0",
	"beerType": "ale",
	"pricePerLitre": "14.25 EUR",
	"packageType": "pullo",
	"manufacturer": "Het Anker",
	"ibuScale": "14.2 EBU",
	"platoScale": "21.5 &deg;P",
	"ebc": "8.8 EBC"
},
{
	"name": "Great Divide Hercules Double IPA",
	"country": "Yhdysvallat",
	"imgUrl": "//cdn.alko.fi/ProductImages/Scaled/724304/product.jpg",
	"price": "6,89",
	"volume": "0.355l",
	"description": "Kuparinruskea, samea, erittäin täyteläinen, erittäin voimakkaasti humaloitu, karamellimaltainen, kypsän hedelmäinen, pähkinäinen, viherpippurinen, yrttinen, runsas, pitkä",
	"abvPercent": "10.0",
	"beerType": "ale",
	"pricePerLitre": "19.13 EUR",
	"packageType": "pullo",
	"manufacturer": "Great Divide Brewing",
	"ibuScale": "98.0 EBU",
	"platoScale": "20.4 &deg;P",
	"ebc": "42.4 EBC"
},
{
	"name": "Great Divide Hibernation Ale",
	"country": "Yhdysvallat",
	"imgUrl": "//cdn.alko.fi/ProductImages/Scaled/733414/product.jpg",
	"price": "5,49",
	"volume": "0.355l",
	"description": "Kuparinruskea, samea, täyteläinen, voimakkaasti humaloitu, suklaamaltainen, pähkinäinen, paahteinen, kevyen sitruksinen, hennon siirappinen, tasapainoinen",
	"abvPercent": "8.7",
	"beerType": "ale",
	"pricePerLitre": "15.46 EUR",
	"packageType": "pullo",
	"manufacturer": "Great Divide",
	"ibuScale": "42.7 EBU",
	"platoScale": "20.0 &deg;P",
	"ebc": "117.0 EBC"
},
{
	"name": "Great Divide Yeti Imperial Stout",
	"country": "Yhdysvallat",
	"imgUrl": "//cdn.alko.fi/ProductImages/Scaled/730754/product.jpg",
	"price": "6,79",
	"volume": "0.355l",
	"description": "Musta, runsasvaahtoinen, erittäin täyteläinen, erittäin voimakkaasti humaloitu, runsaan maltainen, tummasuklainen, muurinpohjalettuinen, espressomainen, kermainen, kevyen yrttinen, tasapainoinen",
	"abvPercent": "9.5",
	"beerType": "stout & porter",
	"pricePerLitre": "18.85 EUR",
	"packageType": "pullo",
	"manufacturer": "Great Divide Brewing",
	"ibuScale": "108.0 EBU",
	"platoScale": "23.0 &deg;P",
	"ebc": "592.0 EBC"
},
{
	"name": "Green's IPA",
	"country": "Englanti",
	"imgUrl": "//cdn.alko.fi/ProductImages/Scaled/752496/product.jpg",
	"price": "5,10",
	"volume": "0.5l",
	"description": "Kuparinruskea, samea, runsasvaahtoinen, täyteläinen, erittäin voimakkaasti humaloitu, sitruksinen, greippinen, kukkainen, yrttinen, vivahteikas.",
	"abvPercent": "5.0",
	"beerType": "ale",
	"pricePerLitre": "10.0 EUR",
	"packageType": "pullo",
	"manufacturer": "Green's",
	"ibuScale": "34.4 EBU",
	"platoScale": "11.9 &deg;P",
	"ebc": "34.0 EBC"
},
{
	"name": "Grimbergen Blanche",
	"country": "Belgia",
	"imgUrl": "//cdn.alko.fi/ProductImages/Scaled/744564/product.jpg",
	"price": "3,23",
	"volume": "0.33l",
	"description": "Oljenkeltainen, samea, keskitäyteläinen, miedosti humaloitu, viljainen, sitruksinen, appelsiininen, mausteinen, raikas",
	"abvPercent": "6.0",
	"beerType": "vehnäolut",
	"pricePerLitre": "9.48 EUR",
	"packageType": "pullo",
	"manufacturer": "Brasseries Kronenbourg",
	"ibuScale": "11.4 EBU",
	"platoScale": "13.5 &deg;P",
	"ebc": "18.8 EBC"
},
{
	"name": "Guinness Draught 4-Pack  tölkki",
	"country": "Irlanti",
	"imgUrl": "//cdn.alko.fi/ProductImages/Scaled/793408/product.jpg",
	"price": "15,11",
	"volume": "1.76l",
	"description": "Musta, runsasvaahtoinen, keskitäyteläinen, keskiasteisesti humaloitu, paahtomaltainen, palanut, mokkainen, kevyen sitruksinen",
	"abvPercent": "4.2",
	"beerType": "stout & porter",
	"pricePerLitre": "8.24 EUR",
	"packageType": "tölkki",
	"manufacturer": "Diageo Ireland",
	"ibuScale": "19.3 EBU",
	"platoScale": "9.8 &deg;P",
	"ebc": "105.0 EBC"
},
{
	"name": "Guinness Draught  tölkki",
	"country": "Irlanti",
	"imgUrl": "//cdn.alko.fi/ProductImages/Scaled/793405/product.jpg",
	"price": "3,77",
	"volume": "0.44l",
	"description": "Musta, runsasvaahtoinen, keskitäyteläinen, keskiasteisesti humaloitu, paahtomaltainen, palanut, mokkainen, kevyen sitruksinen",
	"abvPercent": "4.2",
	"beerType": "stout & porter",
	"pricePerLitre": "8.23 EUR",
	"packageType": "tölkki",
	"manufacturer": "Diageo Ireland",
	"ibuScale": "19.3 EBU",
	"platoScale": "9.8 &deg;P",
	"ebc": "105.0 EBC"
},
{
	"name": "Hacker-Pschorr Munich Gold",
	"country": "Saksa",
	"imgUrl": "//cdn.alko.fi/ProductImages/Scaled/700486/product.jpg",
	"price": "3,98",
	"volume": "0.5l",
	"description": "Oljenkeltainen, keskitäyteläinen, keskiasteisesti humaloitu, viljainen, hennon sitruksinen, kevyen yrttinen, raikas",
	"abvPercent": "5.5",
	"beerType": "lager",
	"pricePerLitre": "7.76 EUR",
	"packageType": "pullo",
	"manufacturer": "Hacker-Pschorr",
	"ibuScale": "16.2 EBU",
	"platoScale": "12.5 &deg;P",
	"ebc": "8.3 EBC"
},
{
	"name": "Hacker-Pschorr Weisse",
	"country": "Saksa",
	"imgUrl": "//cdn.alko.fi/ProductImages/Scaled/707146/product.jpg",
	"price": "3,98",
	"volume": "0.5l",
	"description": "Kullankeltainen, samea, keskitäyteläinen, miedosti humaloitu, sitruksinen, banaaninen, aprikoosinen, kevyen yrttinen, raikas",
	"abvPercent": "5.5",
	"beerType": "vehnäolut",
	"pricePerLitre": "7.76 EUR",
	"packageType": "pullo",
	"manufacturer": "Hacker Pschorr Bräu",
	"ibuScale": "11.5 EBU",
	"platoScale": "12.2 &deg;P",
	"ebc": "28.9 EBC"
},
{
	"name": "Hartwall Classic 1836 Brown Ale",
	"country": "Suomi",
	"imgUrl": "//cdn.alko.fi/ProductImages/Scaled/764286/product.jpg",
	"price": "3,94",
	"volume": "0.5l",
	"description": "Mahonginruskea, keskitäyteläinen, keskiasteisesti humaloitu, paahtomaltainen, kuivahedelmäinen, kevyen kahvinen, hennon pähkinäinen",
	"abvPercent": "5.6",
	"beerType": "ale",
	"pricePerLitre": "7.68 EUR",
	"packageType": "pullo",
	"manufacturer": "Hartwall",
	"ibuScale": "10.7 EBU",
	"platoScale": "15.4 &deg;P",
	"ebc": "91.9 EBC"
},
{
	"name": "Harviestoun 80 Schilling",
	"country": "Skotlanti",
	"imgUrl": "//cdn.alko.fi/ProductImages/Scaled/755434/product.jpg",
	"price": "3,58",
	"volume": "0.33l",
	"description": "Meripihkanruskea, runsasvaahtoinen, voimakkaasti humaloitu, hedelmäinen, maltainen, yrttinen",
	"abvPercent": "4.8",
	"beerType": "ale",
	"pricePerLitre": "10.55 EUR",
	"packageType": "pullo",
	"manufacturer": "Harviestoun",
	"ibuScale": "37.6 EBU",
	"platoScale": "11.9 &deg;P",
	"ebc": "29.3 EBC"
},
{
	"name": "Harviestoun Old Engine Oil",
	"country": "Skotlanti",
	"imgUrl": "//cdn.alko.fi/ProductImages/Scaled/785234/product.jpg",
	"price": "3,49",
	"volume": "0.33l",
	"description": "Ruskeanmusta, erittäin täyteläinen, voimakkaasti humaloitu, ruisleipäinen, luumuinen, tummasuklainen, kahvinen, runsas, pitkä",
	"abvPercent": "6.0",
	"beerType": "stout & porter",
	"pricePerLitre": "10.27 EUR",
	"packageType": "pullo",
	"manufacturer": "Harviestoun",
	"ibuScale": "45.6 EBU",
	"platoScale": "15.8 &deg;P",
	"ebc": "157.0 EBC"
},
{
	"name": "Herold Czech Black Lager",
	"country": "Tsekki",
	"imgUrl": "//cdn.alko.fi/ProductImages/Scaled/789224/product.jpg",
	"price": "2,46",
	"volume": "0.33l",
	"description": "Tummanruskea, keskitäyteläinen, keskiasteisesti humaloitu, ruisleipäinen, tummasuklainen, hennon yrttinen",
	"abvPercent": "5.2",
	"beerType": "tumma lager",
	"pricePerLitre": "7.15 EUR",
	"packageType": "pullo",
	"manufacturer": "Pivovar Herold Breznice",
	"ibuScale": "26.0 EBU",
	"platoScale": "13.7 &deg;P",
	"ebc": "79.7 EBC"
},
{
	"name": "Hibu Eil",
	"country": "Italia",
	"imgUrl": "//cdn.alko.fi/ProductImages/Scaled/932924/product.jpg",
	"price": "5,50",
	"volume": "0.33l",
	"description": "Kinuskinruskea, samea, keskitäyteläinen, keskiasteisesti humaloitu, hedelmäinen, maltainen, mausteinen",
	"abvPercent": "6.0",
	"beerType": "ale",
	"pricePerLitre": "16.67 EUR",
	"packageType": "pullo",
	"manufacturer": "Hibu",
	"ibuScale": "23.0 EBU",
	"platoScale": "14.4 &deg;P",
	"ebc": "45.0 EBC"
},
{
	"name": "Hibu Rhopsody",
	"country": "Italia",
	"imgUrl": "//cdn.alko.fi/ProductImages/Scaled/904364/product.jpg",
	"price": "5,90",
	"volume": "0.33l",
	"description": "Kuparinruskea, samea, täyteläinen, voimakkaasti humaloitu, hedelmäinen, maltainen, mausteinen",
	"abvPercent": "8.2",
	"beerType": "ale",
	"pricePerLitre": "17.88 EUR",
	"packageType": "pullo",
	"manufacturer": "Hibu",
	"ibuScale": "39.0 EBU",
	"platoScale": "17.9 &deg;P",
	"ebc": "33.0 EBC"
},
{
	"name": "Hiisi Aarni",
	"country": "Suomi",
	"imgUrl": "//cdn.alko.fi/ProductImages/Scaled/934444/product.jpg",
	"price": "4,97",
	"volume": "0.33l",
	"description": "Kinuskinruskea, samea, keskitäyteläinen, voimakkaasti humaloitu, rukiinen, kuivahedelmäinen, greippinen, havuinen, runsas",
	"abvPercent": "6.9",
	"beerType": "ale",
	"pricePerLitre": "14.76 EUR",
	"packageType": "pullo",
	"manufacturer": "Panimo Hiisi",
	"ibuScale": "82.2 EBU",
	"platoScale": "15.8 &deg;P",
	"ebc": "31.4 EBC"
},
{
	"name": "Hiisi Hati Saison",
	"country": "Suomi",
	"imgUrl": "//cdn.alko.fi/ProductImages/Scaled/753444/product.jpg",
	"price": "4,77",
	"volume": "0.33l",
	"description": "Sitruunankeltainen, samea, keskitäyteläinen, keskiasteisesti humaloitu, sitruksinen, kevyen greippinen, hennon aprikoosinen, mausteinen",
	"abvPercent": "5.7",
	"beerType": "erikoisuus",
	"pricePerLitre": "14.15 EUR",
	"packageType": "pullo",
	"manufacturer": "Panimoyhtiö Hiisi",
	"ibuScale": "35.4 EBU",
	"platoScale": "13.7 &deg;P",
	"ebc": "11.9 EBC"
},
{
	"name": "Hiisi Humulus Lupus",
	"country": "Suomi",
	"imgUrl": "//cdn.alko.fi/ProductImages/Scaled/932614/product.jpg",
	"price": "5,48",
	"volume": "0.33l",
	"description": "Meripihkankeltainen, samea, keskitäyteläinen, voimakkaasti humaloitu, hedelmäinen, maltainen, karamellinen",
	"abvPercent": "9.0",
	"beerType": "ale",
	"pricePerLitre": "16.3 EUR",
	"packageType": "pullo",
	"manufacturer": "Panimo Hiisi",
	"ibuScale": "62.2 EBU",
	"platoScale": "19.5 &deg;P",
	"ebc": "24.7 EBC"
},
{
	"name": "Hiisi Iku Turso",
	"country": "Suomi",
	"imgUrl": "//cdn.alko.fi/ProductImages/Scaled/753274/product.jpg",
	"price": "5,48",
	"volume": "0.33l",
	"description": "Ruskeanmusta, samea, runsasvaahtoinen, täyteläinen, voimakkaasti humaloitu, paahtomaltainen, mallasleipäinen, tumman luumuinen, kahvinen, mausteinen, runsas",
	"abvPercent": "9.0",
	"beerType": "stout & porter",
	"pricePerLitre": "16.3 EUR",
	"packageType": "pullo",
	"manufacturer": "Panimo Hiisi",
	"ibuScale": "75.9 EBU",
	"platoScale": "20.8 &deg;P",
	"ebc": "147.0 EBC"
},
{
	"name": "Hiisi Inki Ginger Pale Ale",
	"country": "Suomi",
	"imgUrl": "//cdn.alko.fi/ProductImages/Scaled/764954/product.jpg",
	"price": "4,77",
	"volume": "0.33l",
	"description": "Oljenkeltainen, keskitäyteläinen, voimakkaasti humaloitu, sitruksinen, kevyen hunajainen, inkiväärinen, mausteinen, raikas",
	"abvPercent": "5.7",
	"beerType": "erikoisuus",
	"pricePerLitre": "14.15 EUR",
	"packageType": "pullo",
	"manufacturer": "Panimo Hiisi",
	"ibuScale": "40.2 EBU",
	"platoScale": "13.4 &deg;P",
	"ebc": "15.0 EBC"
},
{
	"name": "Hiisi Kratti",
	"country": "Suomi",
	"imgUrl": "//cdn.alko.fi/ProductImages/Scaled/767914/product.jpg",
	"price": "4,78",
	"volume": "0.33l",
	"description": "Punainen, samea, keskitäyteläinen, miedosti humaloitu, sitruksinen, puolukkainen, herukanlehtinen, kirpeä, raikas",
	"abvPercent": "5.5",
	"beerType": "erikoisuus",
	"pricePerLitre": "14.18 EUR",
	"packageType": "pullo",
	"manufacturer": "Panimo Hiisi",
	"ibuScale": "10.1 EBU",
	"platoScale": "13.3 &deg;P",
	"ebc": "25.0 EBC"
},
{
	"name": "Hiisi Kyyttö",
	"country": "Suomi",
	"imgUrl": "//cdn.alko.fi/ProductImages/Scaled/765834/product.jpg",
	"price": "4,58",
	"volume": "0.33l",
	"description": "Musta, täyteläinen, keskiasteisesti humaloitu, maltainen, paahteinen",
	"abvPercent": "5.3",
	"beerType": "stout & porter",
	"pricePerLitre": "13.58 EUR",
	"packageType": "pullo",
	"manufacturer": "Panimo Hiisi",
	"ibuScale": "30.0 EBU",
	"platoScale": "19.0 &deg;P",
	"ebc": "86.0 EBC"
},
{
	"name": "Hiisi Leimaus Mango-Habanero IPA",
	"country": "Suomi",
	"imgUrl": "//cdn.alko.fi/ProductImages/Scaled/746494/product.jpg",
	"price": "5,27",
	"volume": "0.33l",
	"description": "Kullankeltainen, samea, keskitäyteläinen, voimakkaasti humaloitu, runsaan hedelmäinen, kevyen sitruksinen, chilinen, yrttinen",
	"abvPercent": "6.2",
	"beerType": "erikoisuus",
	"pricePerLitre": "15.67 EUR",
	"packageType": "pullo",
	"manufacturer": "Panimo Hiisi",
	"ibuScale": "65.7 EBU",
	"platoScale": "13.4 &deg;P",
	"ebc": "19.3 EBC"
},
{
	"name": "Hiisi Loviatar",
	"country": "Suomi",
	"imgUrl": "//cdn.alko.fi/ProductImages/Scaled/924624/product.jpg",
	"price": "5,99",
	"volume": "0.33l",
	"description": "Mahonginruskea, samea, erittäin täyteläinen, erittäin voimakkaasti humaloitu, maltainen, hedelmäinen, mausteinen, vivahteikas",
	"abvPercent": "10.5",
	"beerType": "erikoisuus",
	"pricePerLitre": "17.85 EUR",
	"packageType": "pullo",
	"manufacturer": "Panimo Hiisi",
	"ibuScale": "83.0 EBU",
	"platoScale": "22.0 &deg;P",
	"ebc": "95.0 EBC"
},
{
	"name": "Hiisi Pecko Brett",
	"country": "Suomi",
	"imgUrl": "//cdn.alko.fi/ProductImages/Scaled/764454/product.jpg",
	"price": "4,96",
	"volume": "0.33l",
	"description": "Oljenkeltainen, samea, keskitäyteläinen, voimakkaasti humaloitu, keksinen, sitruksinen, kuivatun aprikoosinen, tallinen, runsas",
	"abvPercent": "6.3",
	"beerType": "ale",
	"pricePerLitre": "14.73 EUR",
	"packageType": "pullo",
	"manufacturer": "Panimoyhtiö Hiisi",
	"ibuScale": "38.5 EBU",
	"platoScale": "14.7 &deg;P",
	"ebc": "11.4 EBC"
},
{
	"name": "Hiisi Pirunpelto Kivibock",
	"country": "Suomi",
	"imgUrl": "//cdn.alko.fi/ProductImages/Scaled/757554/product.jpg",
	"price": "4,99",
	"volume": "0.33l",
	"description": "Kinuskinruskea, samea, runsasvaahtoinen, täyteläinen, keskiasteisesti humaloitu, humala-arominen, maltainen, luumuinen, kevyen toffeinen, mausteinen, pitkä",
	"abvPercent": "6.5",
	"beerType": "vahva lager",
	"pricePerLitre": "14.82 EUR",
	"packageType": "pullo",
	"manufacturer": "Panimoyhtiö Hiisi",
	"ibuScale": "28.7 EBU",
	"platoScale": "17.4 &deg;P",
	"ebc": "65.7 EBC"
},
{
	"name": "Hiisi Pläkki",
	"country": "Suomi",
	"imgUrl": "//cdn.alko.fi/ProductImages/Scaled/943324/product.jpg",
	"price": "4,79",
	"volume": "0.33l",
	"description": "Musta, samea,, täyteläinen, voimakkaasti humaloitu, paahteinen, mausteinen, yrttinen",
	"abvPercent": "6.3",
	"beerType": "ale",
	"pricePerLitre": "14.21 EUR",
	"packageType": "pullo",
	"manufacturer": "Panimo Hiisi",
	"ibuScale": "66.6 EBU",
	"platoScale": "14.8 &deg;P",
	"ebc": "163.0 EBC"
},
{
	"name": "Hiisi Raivoava Rakki",
	"country": "Suomi",
	"imgUrl": "//cdn.alko.fi/ProductImages/Scaled/753004/product.jpg",
	"price": "4,79",
	"volume": "0.33l",
	"description": "Kuparinruskea, samea, täyteläinen, voimakkaasti humaloitu, hedelmäinen, mausteinen",
	"abvPercent": "6.2",
	"beerType": "ale",
	"pricePerLitre": "14.21 EUR",
	"packageType": "pullo",
	"manufacturer": "Panimo Hiisi",
	"ibuScale": "65.0 EBU",
	"platoScale": "14.3 &deg;P",
	"ebc": "23.0 EBC"
},
{
	"name": "Hiisi Ruisperkele",
	"country": "Suomi",
	"imgUrl": "//cdn.alko.fi/ProductImages/Scaled/728504/product.jpg",
	"price": "5,48",
	"volume": "0.33l",
	"description": "Kullankeltainen, keskitäyteläinen, voimakkaasti humaloitu, runsaan maltainen, rukiinen, kuivahedelmäinen, mausteinen, hennon yrttinen",
	"abvPercent": "8.5",
	"beerType": "ale",
	"pricePerLitre": "16.3 EUR",
	"packageType": "pullo",
	"manufacturer": "Panimo Hiisi",
	"ibuScale": "81.3 EBU",
	"platoScale": "17.1 &deg;P",
	"ebc": "20.3 EBC"
},
{
	"name": "Hitachino Nest Anbai Ale",
	"country": "Japani",
	"imgUrl": "//cdn.alko.fi/ProductImages/Scaled/948054/product.jpg",
	"price": "4,99",
	"volume": "0.33l",
	"description": "Vaaleankeltainen, keskitäyteläinen, miedosti humaloitu, luumuinen, mausteinen",
	"abvPercent": "7.5",
	"beerType": "ale",
	"pricePerLitre": "15.12 EUR",
	"packageType": "pullo",
	"manufacturer": "Kiuchi Brewery",
	"ibuScale": "18.0 EBU",
	"platoScale": "17.5 &deg;P",
	"ebc": "8.0 EBC"
},
{
	"name": "Hitachino Nest Beer Nipponia",
	"country": "Japani",
	"imgUrl": "//cdn.alko.fi/ProductImages/Scaled/920216/product.jpg",
	"price": "9,98",
	"volume": "0.55l",
	"description": "Kuparinkeltainen, samea, keskiasteisesti humaloitu, hedelmäinen, mausteinen, aromikas",
	"abvPercent": "8.0",
	"beerType": "ale",
	"pricePerLitre": "18.15 EUR",
	"packageType": "pullo",
	"manufacturer": "Kiuchi Brewery",
	"ibuScale": "36.8 EBU",
	"platoScale": "17.9 &deg;P",
	"ebc": "20.0 EBC"
},
{
	"name": "Hitachino Nest Ginger Ale",
	"country": "Japani",
	"imgUrl": "//cdn.alko.fi/ProductImages/Scaled/950624/product.jpg",
	"price": "4,98",
	"volume": "0.33l",
	"description": "Meripihkanruskea, keskitäyteläinen, keskiasteisesti humaloitu, inkiväärinen, siirappinen, mausteinen, lämmin",
	"abvPercent": "8.0",
	"beerType": "erikoisuus",
	"pricePerLitre": "15.09 EUR",
	"packageType": "pullo",
	"manufacturer": "Kiuchi Brewery",
	"ibuScale": "28.4 EBU",
	"platoScale": "18.8 &deg;P",
	"ebc": "10.5 EBC"
},
{
	"name": "Hitachino Nest Red Rice Ale",
	"country": "Japani",
	"imgUrl": "//cdn.alko.fi/ProductImages/Scaled/904914/product.jpg",
	"price": "4,79",
	"volume": "0.33l",
	"description": "Meripihkanruskea, keskitäyteläinen, keskiasteisesti humaloitu, maltainen, sitruksinen, hedelmäinen",
	"abvPercent": "7.0",
	"beerType": "erikoisuus",
	"pricePerLitre": "14.52 EUR",
	"packageType": "pullo",
	"manufacturer": "Kiuchi Brewery",
	"ibuScale": "22.0 EBU",
	"platoScale": "17.5 &deg;P",
	"ebc": "20.0 EBC"
},
{
	"name": "Hitachino Nest White Ale",
	"country": "Japani",
	"imgUrl": "//cdn.alko.fi/ProductImages/Scaled/954794/product.jpg",
	"price": "3,99",
	"volume": "0.33l",
	"description": "Vaaleankeltainen, samea, keskitäyteläinen, keskiasteisesti humaloitu, vehnäinen, sitruksinen, kevyen mausteinen, raikas",
	"abvPercent": "5.5",
	"beerType": "vehnäolut",
	"pricePerLitre": "12.09 EUR",
	"packageType": "pullo",
	"manufacturer": "Kiuchi Brewery",
	"ibuScale": "17.4 EBU",
	"platoScale": "12.4 &deg;P",
	"ebc": "7.2 EBC"
},
{
	"name": "Hoegaarden Witbier",
	"country": "Belgia",
	"imgUrl": "//cdn.alko.fi/ProductImages/Scaled/725704/product.jpg",
	"price": "3,68",
	"volume": "0.33l",
	"description": "Vaaleankeltainen, samea, keskitäyteläinen, miedosti humaloitu, sitruunainen, kevyen yrttinen, hennon mausteinen, raikas",
	"abvPercent": "4.9",
	"beerType": "vehnäolut",
	"pricePerLitre": "10.85 EUR",
	"packageType": "pullo",
	"manufacturer": "InBev",
	"ibuScale": "8.7 EBU",
	"platoScale": "12.1 &deg;P",
	"ebc": "7.1 EBC"
},
{
	"name": "Holba Premium",
	"country": "Tsekki",
	"imgUrl": "//cdn.alko.fi/ProductImages/Scaled/770396/product.jpg",
	"price": "2,98",
	"volume": "0.5l",
	"description": "Keltainen, keskitäyteläinen, keskiasteisesti humaloitu, viljainen, kevyen hedelmäinen, hennon yrttinen",
	"abvPercent": "5.2",
	"beerType": "lager",
	"pricePerLitre": "5.76 EUR",
	"packageType": "pullo",
	"manufacturer": "Pivovar Holba",
	"ibuScale": "26.2 EBU",
	"platoScale": "11.8 &deg;P",
	"ebc": "10.9 EBC"
},
{
	"name": "Holba Serak Special",
	"country": "Tsekki",
	"imgUrl": "//cdn.alko.fi/ProductImages/Scaled/783586/product.jpg",
	"price": "3,30",
	"volume": "0.5l",
	"description": "Kullanruskea, keskitäyteläinen, keskiasteisesti humaloitu, maltainen, kuivahedelmäinen, hennon banaaninen",
	"abvPercent": "6.2",
	"beerType": "vahva lager",
	"pricePerLitre": "6.4 EUR",
	"packageType": "pullo",
	"manufacturer": "Pivovar Litovel",
	"ibuScale": "27.5 EBU",
	"platoScale": "13.6 &deg;P",
	"ebc": "16.5 EBC"
},
{
	"name": "Honkavuoren Double Doc Doppelbock",
	"country": "Suomi",
	"imgUrl": "//cdn.alko.fi/ProductImages/Scaled/937014/product.jpg",
	"price": "4,46",
	"volume": "0.33l",
	"description": "Punaruskea, täyteläinen, miedosti humaloitu, hedelmäinen",
	"abvPercent": "7.3",
	"beerType": "vahva lager",
	"pricePerLitre": "13.21 EUR",
	"packageType": "pullo",
	"manufacturer": "Panimo Honkavuori Oy",
	"ibuScale": "28.5 EBU",
	"platoScale": "17.2 &deg;P",
	"ebc": "69.4 EBC"
},
{
	"name": "Honkavuoren Heili vehnäolut",
	"country": "Suomi",
	"imgUrl": "//cdn.alko.fi/ProductImages/Scaled/952884/product.jpg",
	"price": "4,44",
	"volume": "0.33l",
	"description": "Kinuskinruskea, samea, keskitäyteläinen, keskiasteisesti humaloitu, maltainen, hedelmäinen, banaaninen",
	"abvPercent": "6.6",
	"beerType": "vehnäolut",
	"pricePerLitre": "13.15 EUR",
	"packageType": "pullo",
	"manufacturer": "Panimo Honkavuori",
	"ibuScale": "19.0 EBU",
	"platoScale": "18.2 &deg;P",
	"ebc": "25.0 EBC"
},
{
	"name": "Hook Norton Haymaker",
	"country": "Englanti",
	"imgUrl": "//cdn.alko.fi/ProductImages/Scaled/767866/product.jpg",
	"price": "4,29",
	"volume": "0.5l",
	"description": "Meripihkanruskea, keskitäyteläinen, keskiasteisesti humaloitu, maltainen, pähkinäinen, kuivahedelmäinen, yrttinen, tasapainoinen",
	"abvPercent": "5.0",
	"beerType": "ale",
	"pricePerLitre": "8.38 EUR",
	"packageType": "pullo",
	"manufacturer": "Hook Norton Brewery",
	"ibuScale": "34.5 EBU",
	"platoScale": "12.4 &deg;P",
	"ebc": "22.6 EBC"
},
{
	"name": "Hop Nosh IPA",
	"country": "Yhdysvallat",
	"imgUrl": "//cdn.alko.fi/ProductImages/Scaled/923874/product.jpg",
	"price": "4,75",
	"volume": "0.355l",
	"description": "Kullanruskea, täyteläinen, erittäin voimakkaasti humaloitu, greippinen, havuinen, hedelmäinen",
	"abvPercent": "7.3",
	"beerType": "ale",
	"pricePerLitre": "13.38 EUR",
	"packageType": "pullo",
	"manufacturer": "Uinta Brewing",
	"ibuScale": "82.0 EBU",
	"platoScale": "16.9 &deg;P",
	"ebc": "30.0 EBC"
},
{
	"name": "Hop Nosh Tangerine IPA",
	"country": "Yhdysvallat",
	"imgUrl": "//cdn.alko.fi/ProductImages/Scaled/930674/product.jpg",
	"price": "4,75",
	"volume": "0.355l",
	"description": "Kullanruskea, täyteläinen, voimakkaasti humaloitu, greippinen, havuinen, hedelmäinen",
	"abvPercent": "7.3",
	"beerType": "ale",
	"pricePerLitre": "13.38 EUR",
	"packageType": "pullo",
	"manufacturer": "Uinta Brewing",
	"ibuScale": "63.3 EBU",
	"platoScale": "16.7 &deg;P",
	"ebc": "28.2 EBC"
},
{
	"name": "Hoppin' Frog B.O.R.I.S. the Crusher Oatmeal Imperial Stout",
	"country": "Yhdysvallat",
	"imgUrl": "//cdn.alko.fi/ProductImages/Scaled/932696/product.jpg",
	"price": "22,92",
	"volume": "0.66l",
	"description": "Mustanruskea, samea, erittäin täyteläinen, voimakkaasti humaloitu, maltainen, mausteinen, paahteinen",
	"abvPercent": "9.4",
	"beerType": "stout & porter",
	"pricePerLitre": "34.73 EUR",
	"packageType": "pullo",
	"manufacturer": "Hoppin' Frog",
	"ibuScale": "47.8 EBU",
	"platoScale": "24.8 &deg;P",
	"ebc": "519.0 EBC"
},
{
	"name": "Hoppin' Frog D.O.R.I.S. the Destroyer Double Imperial Stout",
	"country": "Yhdysvallat",
	"imgUrl": "//cdn.alko.fi/ProductImages/Scaled/950326/product.jpg",
	"price": "24,90",
	"volume": "0.66l",
	"description": "Mustanruskea, samea, erittäin täyteläinen, voimakkaasti humaloitu, maltainen, mausteinen, paahteinen",
	"abvPercent": "10.5",
	"beerType": "stout & porter",
	"pricePerLitre": "37.73 EUR",
	"packageType": "pullo",
	"manufacturer": "Hoppin' Frog",
	"ibuScale": "80.3 EBU",
	"platoScale": "27.1 &deg;P",
	"ebc": "753.0 EBC"
},
{
	"name": "Hoppin' Frog Hoppin' to Heaven IPA",
	"country": "Yhdysvallat",
	"imgUrl": "//cdn.alko.fi/ProductImages/Scaled/952836/product.jpg",
	"price": "19,96",
	"volume": "0.66l",
	"description": "Meripihkankeltainen, samea, täyteläinen, voimakkaasti humaloitu, hedelmäinen, mausteinen",
	"abvPercent": "6.8",
	"beerType": "ale",
	"pricePerLitre": "30.24 EUR",
	"packageType": "pullo",
	"manufacturer": "Hoppin' Frog",
	"ibuScale": "85.3 EBU",
	"platoScale": "16.8 &deg;P",
	"ebc": "25.5 EBC"
},
{
	"name": "Hopping Brewsters Flight Cadet",
	"country": "Suomi",
	"imgUrl": "//cdn.alko.fi/ProductImages/Scaled/957944/product.jpg",
	"price": "3,97",
	"volume": "0.33l",
	"description": "Vaaleankeltainen, kevyt, keskiasteisesti humaloitu, sitruksinen, maltainen, hedelmäinen",
	"abvPercent": "5.3",
	"beerType": "ale",
	"pricePerLitre": "12.03 EUR",
	"packageType": "pullo",
	"manufacturer": "Hopping Brewsters",
	"ibuScale": "47.6 EBU",
	"platoScale": "13.5 &deg;P",
	"ebc": "19.4 EBC"
},
{
	"name": "Hopping Brewsters Warthog IPA",
	"country": "Suomi",
	"imgUrl": "//cdn.alko.fi/ProductImages/Scaled/948924/product.jpg",
	"price": "3,99",
	"volume": "0.33l",
	"description": "Kullankeltainen, samea, täyteläinen, erittäin voimakkaasti humaloitu, viljainen, greippinen, mausteyrttinen",
	"abvPercent": "5.4",
	"beerType": "ale",
	"pricePerLitre": "12.09 EUR",
	"packageType": "pullo",
	"manufacturer": "Hopping Brewsters",
	"ibuScale": "73.2 EBU",
	"platoScale": "14.3 &deg;P",
	"ebc": "18.3 EBC"
},
{
	"name": "Humalove Dunkler Blaumeister",
	"country": "Suomi",
	"imgUrl": "//cdn.alko.fi/ProductImages/Scaled/757604/product.jpg",
	"price": "5,20",
	"volume": "0.33l",
	"description": "Pähkinänruskea, samea, keskitäyteläinen, keskiasteisesti humaloitu, vehnäinen, hedelmätorttuinen, kevyen karamellinen, hennon banaaninen",
	"abvPercent": "6.8",
	"beerType": "vehnäolut",
	"pricePerLitre": "15.76 EUR",
	"packageType": "pullo",
	"manufacturer": "Humalove Brewing",
	"ibuScale": "38.9 EBU",
	"platoScale": "16.0 &deg;P",
	"ebc": "72.2 EBC"
},
{
	"name": "Humalove Puola | Polska",
	"country": "Suomi",
	"imgUrl": "//cdn.alko.fi/ProductImages/Scaled/709586/product.jpg",
	"price": "6,99",
	"volume": "0.5l",
	"description": "Ruskeanmusta, täyteläinen, voimakkaasti humaloitu, paahtomaltainen, kuivahedelmäinen, kevyen espressomainen, palanut, yrttinen",
	"abvPercent": "8.5",
	"beerType": "stout & porter",
	"pricePerLitre": "13.98 EUR",
	"packageType": "pullo",
	"manufacturer": "Humalove Brewing & Browar Wasosz",
	"ibuScale": "64.6 EBU",
	"platoScale": "18.5 &deg;P",
	"ebc": "143.0 EBC"
},
{
	"name": "Humalove Susanna's Housewarming Saison",
	"country": "Suomi",
	"imgUrl": "//cdn.alko.fi/ProductImages/Scaled/779324/product.jpg",
	"price": "5,21",
	"volume": "0.33l",
	"description": "Kinuskinruskea, samea, runsasvaahtoinen, keskitäyteläinen, keskiasteisesti humaloitu, vehnäinen, hedelmäinen, sitruksinen, hennon mangoinen, mausteinen, raikas",
	"abvPercent": "7.0",
	"beerType": "erikoisuus",
	"pricePerLitre": "15.79 EUR",
	"packageType": "pullo",
	"manufacturer": "Humalove Brewing",
	"ibuScale": "21.0 EBU",
	"platoScale": "14.9 &deg;P",
	"ebc": "29.1 EBC"
},
{
	"name": "Ilves Joe Inkiväärijuoma  muovipullo",
	"country": "Suomi",
	"imgUrl": "//cdn.alko.fi/ProductImages/Scaled/916874/product.jpg",
	"price": "2,89",
	"volume": "0.33l",
	"description": "Vaaleankeltainen, makea, inkiväärinen, sitruksinen, mausteinen",
	"abvPercent": "5.5",
	"beerType": "erikoisuus",
	"pricePerLitre": "8.45 EUR",
	"packageType": "muovipullo",
	"manufacturer": "Pramia",
	"platoScale": "15.1 &deg;P",
	"ebc": "7.0 EBC"
},
{
	"name": "Innis Gunn Oak Aged Beer",
	"country": "Skotlanti",
	"imgUrl": "//cdn.alko.fi/ProductImages/Scaled/777734/product.jpg",
	"price": "3,49",
	"volume": "0.33l",
	"description": "Meripihkanruskea, täyteläinen, miedosti humaloitu, hedelmäinen, kermatoffeinen, tamminen, runsas",
	"abvPercent": "6.6",
	"beerType": "ale",
	"pricePerLitre": "10.27 EUR",
	"packageType": "pullo",
	"manufacturer": "Innis & Gunn Brewing Company",
	"ibuScale": "13.0 EBU",
	"platoScale": "14.4 &deg;P",
	"ebc": "19.4 EBC"
},
{
	"name": "Inveralmond Blackfriar",
	"country": "Skotlanti",
	"imgUrl": "//cdn.alko.fi/ProductImages/Scaled/703326/product.jpg",
	"price": "4,99",
	"volume": "0.5l",
	"description": "Kuparinruskea, samea, täyteläinen, voimakkaasti humaloitu, hedelmäinen, makean maltainen, mausteinen, paahteinen",
	"abvPercent": "7.0",
	"beerType": "ale",
	"pricePerLitre": "9.78 EUR",
	"packageType": "pullo",
	"manufacturer": "Inveralmond Brewery",
	"ibuScale": "23.6 EBU",
	"platoScale": "15.3 &deg;P",
	"ebc": "36.4 EBC"
},
{
	"name": "Iso-Kallan Angus Red Ale",
	"country": "Suomi",
	"imgUrl": "//cdn.alko.fi/ProductImages/Scaled/741206/product.jpg",
	"price": "5,30",
	"volume": "0.5l",
	"description": "Kinuskinruskea, samea, täyteläinen, voimakkaasti humaloitu, maltainen, kuivahedelmäinen, havuinen, hennon kahvinen, pitkä",
	"abvPercent": "5.5",
	"beerType": "ale",
	"pricePerLitre": "10.4 EUR",
	"packageType": "pullo",
	"manufacturer": "Iso-Kallan Panimo",
	"ibuScale": "55.3 EBU",
	"platoScale": "14.1 &deg;P",
	"ebc": "45.2 EBC"
},
{
	"name": "Iso-Kallan Bellywasher Scotch Ale",
	"country": "Suomi",
	"imgUrl": "//cdn.alko.fi/ProductImages/Scaled/728866/product.jpg",
	"price": "5,40",
	"volume": "0.5l",
	"description": "Pähkinänruskea, täyteläinen, keskiasteisesti humaloitu, karamellimaltainen, kuivahedelmäinen, kermatoffeinen, mausteinen, runsas",
	"abvPercent": "7.5",
	"beerType": "ale",
	"pricePerLitre": "10.8 EUR",
	"packageType": "pullo",
	"manufacturer": "Iso-Kallan Panimo",
	"ibuScale": "38.5 EBU",
	"platoScale": "18.2 &deg;P",
	"ebc": "88.0 EBC"
},
{
	"name": "Iso-Kallan Biere de Garde",
	"country": "Suomi",
	"imgUrl": "//cdn.alko.fi/ProductImages/Scaled/749756/product.jpg",
	"price": "5,66",
	"volume": "0.5l",
	"description": "Kastanjanruskea, samea, runsasvaahtoinen, täyteläinen, miedosti humaloitu, mallasleipäinen, luumuinen, kevyen siirappinen, mausteinen, tyylikäs",
	"abvPercent": "7.0",
	"beerType": "erikoisuus",
	"pricePerLitre": "11.12 EUR",
	"packageType": "pullo",
	"manufacturer": "Iso-Kallan Panimo",
	"ibuScale": "28.2 EBU",
	"platoScale": "17.5 &deg;P",
	"ebc": "65.8 EBC"
},
{
	"name": "Iso-Kallan Mestari Stout",
	"country": "Suomi",
	"imgUrl": "//cdn.alko.fi/ProductImages/Scaled/779046/product.jpg",
	"price": "5,46",
	"volume": "0.5l",
	"description": "Musta, samea, runsasvaahtoinen, erittäin täyteläinen, voimakkaasti humaloitu, paahtomaltainen, kuivahedelmäinen, kevyen espressomainen, robusti",
	"abvPercent": "6.0",
	"beerType": "stout & porter",
	"pricePerLitre": "10.92 EUR",
	"packageType": "pullo",
	"manufacturer": "Iso-Kallan Panimo",
	"ibuScale": "55.9 EBU",
	"platoScale": "14.7 &deg;P",
	"ebc": "194.0 EBC"
},
{
	"name": "Iso-Kallan Oatmeal Stout",
	"country": "Suomi",
	"imgUrl": "//cdn.alko.fi/ProductImages/Scaled/743116/product.jpg",
	"price": "5,32",
	"volume": "0.5l",
	"description": "Ruskeanmusta, samea, täyteläinen, keskiasteisesti humaloitu, suklaamaltainen, espressomainen, paahteinen, mausteinen",
	"abvPercent": "5.4",
	"beerType": "stout & porter",
	"pricePerLitre": "10.64 EUR",
	"packageType": "pullo",
	"manufacturer": "Iso-Kallan Panimo",
	"ibuScale": "38.2 EBU",
	"platoScale": "14.6 &deg;P",
	"ebc": "179.0 EBC"
},
{
	"name": "Iso-Kallan Saison",
	"country": "Suomi",
	"imgUrl": "//cdn.alko.fi/ProductImages/Scaled/776626/product.jpg",
	"price": "5,17",
	"volume": "0.5l",
	"description": "Oljenkeltainen, samea, runsasvaahtoinen, keskitäyteläinen, voimakkaasti humaloitu, hedelmäinen, runsaan sitruksinen, mausteinen, yrttinen, raikas",
	"abvPercent": "6.2",
	"beerType": "erikoisuus",
	"pricePerLitre": "10.34 EUR",
	"packageType": "pullo",
	"manufacturer": "Iso-Kallan Panimo",
	"ibuScale": "47.5 EBU",
	"platoScale": "13.5 &deg;P",
	"ebc": "13.0 EBC"
},
{
	"name": "Iso-Kallan Savo American Ale",
	"country": "Suomi",
	"imgUrl": "//cdn.alko.fi/ProductImages/Scaled/918076/product.jpg",
	"price": "4,80",
	"volume": "0.5l",
	"description": "Meripihkanruskea, samea, keskitäyteläinen, voimakkaasti humaloitu, maltainen, hedelmäinen",
	"abvPercent": "5.6",
	"beerType": "ale",
	"pricePerLitre": "9.6 EUR",
	"packageType": "pullo",
	"manufacturer": "Iso-Kallan Panimo",
	"ibuScale": "50.0 EBU",
	"platoScale": "12.1 &deg;P",
	"ebc": "25.0 EBC"
},
{
	"name": "Iso-Kallan Savo American Ale",
	"country": "Suomi",
	"imgUrl": "//cdn.alko.fi/ProductImages/Scaled/956916/product.jpg",
	"price": "4,84",
	"volume": "0.5l",
	"description": "Meripihkanruskea, samea, runsasvaahtoinen, keskitäyteläinen, voimakkaasti humaloitu, sitruksinen, hedelmäinen, maltainen",
	"abvPercent": "5.6",
	"beerType": "ale",
	"pricePerLitre": "9.48 EUR",
	"packageType": "pullo",
	"manufacturer": "Iso-Kallan Panimo",
	"ibuScale": "51.0 EBU",
	"platoScale": "12.1 &deg;P",
	"ebc": "25.0 EBC"
},
{
	"name": "Jaipur IPA",
	"country": "Englanti",
	"imgUrl": "//cdn.alko.fi/ProductImages/Scaled/748656/product.jpg",
	"price": "4,99",
	"volume": "0.5l",
	"description": "Vaaleankeltainen, samea, keskitäyteläinen, voimakkaasti humaloitu, kevyen maltainen, sitruksinen, hennon kukkainen, yrttinen, raikas",
	"abvPercent": "5.9",
	"beerType": "ale",
	"pricePerLitre": "9.78 EUR",
	"packageType": "pullo",
	"manufacturer": "Thornbridge",
	"ibuScale": "43.9 EBU",
	"platoScale": "13.3 &deg;P",
	"ebc": "8.0 EBC"
},
{
	"name": "Jopen Adriaan Wit",
	"country": "Hollanti",
	"imgUrl": "//cdn.alko.fi/ProductImages/Scaled/796124/product.jpg",
	"price": "3,14",
	"volume": "0.33l",
	"description": "Sitruunankeltainen, samea, keskitäyteläinen, miedosti humaloitu, vehnäinen, sitruksinen, yrttinen, raikas",
	"abvPercent": "5.0",
	"beerType": "vehnäolut",
	"pricePerLitre": "9.21 EUR",
	"packageType": "pullo",
	"manufacturer": "Jopen",
	"ibuScale": "10.9 EBU",
	"platoScale": "13.0 &deg;P",
	"ebc": "9.2 EBC"
},
{
	"name": "Jopen Doubting Thomas",
	"country": "Hollanti",
	"imgUrl": "//cdn.alko.fi/ProductImages/Scaled/955114/product.jpg",
	"price": "5,22",
	"volume": "0.33l",
	"description": "Ruskea, samea, runsasvaahtoinen, keskitäyteläinen, keskiasteisesti humaloitu, banaaninen, hedelmäinen, aromikas",
	"abvPercent": "10.0",
	"beerType": "ale",
	"pricePerLitre": "15.82 EUR",
	"packageType": "pullo",
	"manufacturer": "Jopen",
	"ibuScale": "40.0 EBU",
	"platoScale": "22.0 &deg;P",
	"ebc": "80.0 EBC"
},
{
	"name": "Jopen Extra Stout",
	"country": "Hollanti",
	"imgUrl": "//cdn.alko.fi/ProductImages/Scaled/954174/product.jpg",
	"price": "4,39",
	"volume": "0.33l",
	"description": "Musta, samea, runsasvaahtoinen, täyteläinen, keskiasteisesti humaloitu, suklaamaltainen, maltainen, pähkinäinen",
	"abvPercent": "5.5",
	"beerType": "stout & porter",
	"pricePerLitre": "13.3 EUR",
	"packageType": "pullo",
	"manufacturer": "Jopen",
	"ibuScale": "45.0 EBU",
	"platoScale": "12.0 &deg;P",
	"ebc": "200.0 EBC"
},
{
	"name": "Jopen Hoppenbier",
	"country": "Hollanti",
	"imgUrl": "//cdn.alko.fi/ProductImages/Scaled/919344/product.jpg",
	"price": "4,61",
	"volume": "0.33l",
	"description": "Kellertävä, samea, runsasvaahtoinen, keskitäyteläinen, keskiasteisesti humaloitu, pähkinäinen, sitruksinen, maltainen",
	"abvPercent": "6.8",
	"beerType": "erikoisuus",
	"pricePerLitre": "13.97 EUR",
	"packageType": "pullo",
	"manufacturer": "Jopen",
	"ibuScale": "40.0 EBU",
	"platoScale": "16.5 &deg;P",
	"ebc": "10.0 EBC"
},
{
	"name": "Jopen Hop Zij Met Ons",
	"country": "Hollanti",
	"imgUrl": "//cdn.alko.fi/ProductImages/Scaled/903024/product.jpg",
	"price": "4,99",
	"volume": "0.33l",
	"description": "Kullanruskea, samea, runsasvaahtoinen, keskitäyteläinen, voimakkaasti humaloitu, pähkinäinen, sitruksinen, hedelmäinen",
	"abvPercent": "6.0",
	"beerType": "ale",
	"pricePerLitre": "15.12 EUR",
	"packageType": "pullo",
	"manufacturer": "Jopen",
	"ibuScale": "70.0 EBU",
	"platoScale": "15.0 &deg;P",
	"ebc": "30.0 EBC"
},
{
	"name": "Jopen Jacobus RPA",
	"country": "Hollanti",
	"imgUrl": "//cdn.alko.fi/ProductImages/Scaled/928444/product.jpg",
	"price": "4,49",
	"volume": "0.33l",
	"description": "Meripihkanruskea, samea, runsasvaahtoinen, keskitäyteläinen, keskiasteisesti humaloitu, pähkinäinen, maltainen, ruisleipäinen",
	"abvPercent": "5.5",
	"beerType": "ale",
	"pricePerLitre": "13.61 EUR",
	"packageType": "pullo",
	"manufacturer": "Jopen",
	"ibuScale": "45.0 EBU",
	"platoScale": "13.0 &deg;P",
	"ebc": "35.0 EBC"
},
{
	"name": "Jopen Koyt Gruitbier",
	"country": "Hollanti",
	"imgUrl": "//cdn.alko.fi/ProductImages/Scaled/926574/product.jpg",
	"price": "5,00",
	"volume": "0.33l",
	"description": "Mahonginruskea, samea, runsasvaahtoinen, erittäin täyteläinen, miedosti humaloitu, yrttinen, suklainen",
	"abvPercent": "8.5",
	"beerType": "erikoisuus",
	"pricePerLitre": "15.15 EUR",
	"packageType": "pullo",
	"manufacturer": "Jopen",
	"ibuScale": "18.0 EBU",
	"platoScale": "21.0 &deg;P",
	"ebc": "90.0 EBC"
},
{
	"name": "Jopen Northsea IPA",
	"country": "Hollanti",
	"imgUrl": "//cdn.alko.fi/ProductImages/Scaled/955984/product.jpg",
	"price": "4,69",
	"volume": "0.33l",
	"description": "Kellertävä, samea, runsasvaahtoinen, keskitäyteläinen, voimakkaasti humaloitu, maltainen, sitruksinen, hedelmäinen",
	"abvPercent": "6.5",
	"beerType": "ale",
	"pricePerLitre": "14.21 EUR",
	"packageType": "pullo",
	"manufacturer": "Jopen",
	"ibuScale": "70.0 EBU",
	"platoScale": "17.0 &deg;P",
	"ebc": "30.0 EBC"
},
{
	"name": "Jopen NorthSea IPA",
	"country": "Hollanti",
	"imgUrl": "//cdn.alko.fi/ProductImages/Scaled/726504/product.jpg",
	"price": "4,34",
	"volume": "0.33l",
	"description": "Meripihkankeltainen, samea, keskitäyteläinen, voimakkaasti humaloitu, kuivahedelmäinen, sitruksinen, kevyen toffeinen, yrttinen",
	"abvPercent": "6.5",
	"beerType": "ale",
	"pricePerLitre": "13.15 EUR",
	"packageType": "pullo",
	"manufacturer": "Jopen",
	"ibuScale": "55.0 EBU",
	"platoScale": "16.4 &deg;P",
	"ebc": "27.0 EBC"
},
{
	"name": "Kallio Brewery & Birra Amiata Madah&agrave;n Tropical Milk IPA",
	"country": "Suomi",
	"imgUrl": "//cdn.alko.fi/ProductImages/Scaled/729464/product.jpg",
	"price": "5,34",
	"volume": "0.33l",
	"description": "Kullankeltainen, samea, keskitäyteläinen, voimakkaasti humaloitu, hunajamaltainen, greippinen, hedelmätorttuinen, kevyen toffeinen, mausteinen, runsas",
	"abvPercent": "7.0",
	"beerType": "ale",
	"pricePerLitre": "15.88 EUR",
	"packageType": "pullo",
	"manufacturer": "Kallio Brewery & Birra Amiata",
	"ibuScale": "66.6 EBU",
	"platoScale": "17.5 &deg;P",
	"ebc": "17.7 EBC"
},
{
	"name": "Kallio Brewery & Birra Amiata Oranki",
	"country": "Suomi",
	"imgUrl": "//cdn.alko.fi/ProductImages/Scaled/755137/product.jpg",
	"price": "12,01",
	"volume": "0.75l",
	"description": "Meripihkanruskea, runsasvaahtoinen, keskitäyteläinen, miedosti humaloitu, karamellimaltainen, sitruksinen, hennon omenainen, kevyen mausteinen, yrttinen",
	"abvPercent": "6.0",
	"beerType": "erikoisuus",
	"pricePerLitre": "15.88 EUR",
	"packageType": "pullo",
	"manufacturer": "Kallio Brewery & Birra Amiata",
	"ibuScale": "32.4 EBU",
	"platoScale": "12.8 &deg;P",
	"ebc": "41.7 EBC"
},
{
	"name": "Kalnapilis Original",
	"country": "Liettua",
	"imgUrl": "//cdn.alko.fi/ProductImages/Scaled/778086/product.jpg",
	"price": "2,88",
	"volume": "0.5l",
	"description": "Kullankeltainen, kevyt, keskiasteisesti humaloitu, sitruksinen, viljainen, maltainen, raikas",
	"abvPercent": "5.0",
	"beerType": "lager",
	"pricePerLitre": "5.56 EUR",
	"packageType": "pullo",
	"manufacturer": "Kalnapilis",
	"ibuScale": "17.1 EBU",
	"platoScale": "11.9 &deg;P",
	"ebc": "6.1 EBC"
},
{
	"name": "Kanavan Panimo Toivo Red Ale",
	"country": "Suomi",
	"imgUrl": "//cdn.alko.fi/ProductImages/Scaled/940364/product.jpg",
	"price": "4,91",
	"volume": "0.33l",
	"description": "Kinuskinruskea, samea, keskitäyteläinen, keskiasteisesti humaloitu, hedelmäinen, karamellinen, mausteinen",
	"abvPercent": "6.0",
	"beerType": "ale",
	"pricePerLitre": "14.88 EUR",
	"packageType": "pullo",
	"manufacturer": "Kanavan Panimo",
	"ibuScale": "37.5 EBU",
	"platoScale": "13.8 &deg;P",
	"ebc": "39.4 EBC"
},
{
	"name": "Kanavan Panimo Unto Porter",
	"country": "Suomi",
	"imgUrl": "//cdn.alko.fi/ProductImages/Scaled/952224/product.jpg",
	"price": "4,97",
	"volume": "0.33l",
	"description": "Mustanruskea, samea, täyteläinen, voimakkaasti humaloitu, maltainen, paahteinen, mausteinen",
	"abvPercent": "7.1",
	"beerType": "stout & porter",
	"pricePerLitre": "15.06 EUR",
	"packageType": "pullo",
	"manufacturer": "Kanavan Panimo",
	"ibuScale": "37.9 EBU",
	"platoScale": "18.7 &deg;P",
	"ebc": "138.0 EBC"
},
{
	"name": "Kanavan Sulku Pils",
	"country": "Suomi",
	"imgUrl": "//cdn.alko.fi/ProductImages/Scaled/956094/product.jpg",
	"price": "3,98",
	"volume": "0.33l",
	"description": "Kullankeltainen, keskitäyteläinen, keskiasteisesti humaloitu, kaurahiutaleinen, aromikas",
	"abvPercent": "5.2",
	"beerType": "pils",
	"pricePerLitre": "12.06 EUR",
	"packageType": "pullo",
	"manufacturer": "Kanavan Panimo",
	"ibuScale": "34.9 EBU",
	"platoScale": "11.5 &deg;P",
	"ebc": "16.8 EBC"
},
{
	"name": "Karhu A",
	"country": "Suomi",
	"imgUrl": "//cdn.alko.fi/ProductImages/Scaled/000071/product.jpg",
	"price": "2,17",
	"volume": "0.33l",
	"description": "Kellanruskea, keskitäyteläinen, keskiasteisesti humaloitu, maltainen, kevyen hedelmäinen",
	"abvPercent": "5.3",
	"beerType": "lager",
	"pricePerLitre": "6.27 EUR",
	"packageType": "pullo",
	"manufacturer": "Sinebrychoff",
	"ibuScale": "15.7 EBU",
	"platoScale": "11.8 &deg;P",
	"ebc": "13.0 EBC"
},
{
	"name": "Karhu A 24-pack  tölkki",
	"country": "Suomi",
	"imgUrl": "//cdn.alko.fi/ProductImages/Scaled/796459/product.jpg",
	"price": "49,60",
	"volume": "7.92l",
	"description": "Kellanruskea, keskitäyteläinen, keskiasteisesti humaloitu, maltainen, kevyen hedelmäinen",
	"abvPercent": "5.3",
	"beerType": "lager",
	"pricePerLitre": "5.81 EUR",
	"packageType": "tölkki",
	"manufacturer": "Sinebrychoff",
	"ibuScale": "15.7 EBU",
	"platoScale": "11.8 &deg;P",
	"ebc": "13.0 EBC"
},
{
	"name": "Karhu A 8-pack  tölkki",
	"country": "Suomi",
	"imgUrl": "//cdn.alko.fi/ProductImages/Scaled/796458/product.jpg",
	"price": "16,48",
	"volume": "2.64l",
	"description": "Kellanruskea, keskitäyteläinen, keskiasteisesti humaloitu, maltainen, kevyen hedelmäinen",
	"abvPercent": "5.3",
	"beerType": "lager",
	"pricePerLitre": "5.79 EUR",
	"packageType": "tölkki",
	"manufacturer": "Sinebrychoff",
	"ibuScale": "15.7 EBU",
	"platoScale": "11.8 &deg;P",
	"ebc": "13.0 EBC"
},
{
	"name": "Karhu A  tölkki",
	"country": "Suomi",
	"imgUrl": "//cdn.alko.fi/ProductImages/Scaled/796454/product.jpg",
	"price": "2,06",
	"volume": "0.33l",
	"description": "Kellanruskea, keskitäyteläinen, keskiasteisesti humaloitu, maltainen, kevyen hedelmäinen",
	"abvPercent": "5.3",
	"beerType": "lager",
	"pricePerLitre": "5.79 EUR",
	"packageType": "tölkki",
	"manufacturer": "Sinebrychoff",
	"ibuScale": "15.7 EBU",
	"platoScale": "11.8 &deg;P",
	"ebc": "13.0 EBC"
},
{
	"name": "Karhu A  tölkki",
	"country": "Suomi",
	"imgUrl": "//cdn.alko.fi/ProductImages/Scaled/798116/product.jpg",
	"price": "3,88",
	"volume": "0.568l",
	"description": "Kellanruskea, keskitäyteläinen, keskiasteisesti humaloitu, maltainen, kevyen hedelmäinen",
	"abvPercent": "5.3",
	"beerType": "lager",
	"pricePerLitre": "6.57 EUR",
	"packageType": "tölkki",
	"manufacturer": "Sinebrychoff",
	"ibuScale": "15.7 EBU",
	"platoScale": "11.8 &deg;P",
	"ebc": "13.0 EBC"
},
{
	"name": "Karhu III",
	"country": "Suomi",
	"imgUrl": "//cdn.alko.fi/ProductImages/Scaled/009213/product.jpg",
	"price": "1,96",
	"volume": "0.33l",
	"description": "Kellanruskea, keskitäyteläinen, keskiasteisesti humaloitu, kevyen maltainen, hedelmäinen",
	"abvPercent": "4.6",
	"beerType": "lager",
	"pricePerLitre": "5.64 EUR",
	"packageType": "pullo",
	"manufacturer": "Sinebrychoff",
	"ibuScale": "15.5 EBU",
	"platoScale": "10.3 &deg;P",
	"ebc": "12.9 EBC"
},
{
	"name": "Karhu III",
	"country": "Suomi",
	"imgUrl": "//cdn.alko.fi/ProductImages/Scaled/959618/product.jpg",
	"price": "215,83",
	"volume": "30.0l",
	"description": "Kellanruskea, keskitäyteläinen, keskiasteisesti humaloitu, kevyen maltainen, hedelmäinen",
	"abvPercent": "4.6",
	"beerType": "lager",
	"pricePerLitre": "5.26 EUR",
	"packageType": "tynnyri",
	"manufacturer": "Sinebrychoff",
	"ibuScale": "15.5 EBU",
	"platoScale": "10.3 &deg;P",
	"ebc": "12.9 EBC"
},
{
	"name": "Karhu III 6-pack  tölkki",
	"country": "Suomi",
	"imgUrl": "//cdn.alko.fi/ProductImages/Scaled/792178/product.jpg",
	"price": "17,31",
	"volume": "3.0l",
	"description": "Kellanruskea, keskitäyteläinen, keskiasteisesti humaloitu, kevyen maltainen, hedelmäinen",
	"abvPercent": "4.6",
	"beerType": "lager",
	"pricePerLitre": "5.47 EUR",
	"packageType": "tölkki",
	"manufacturer": "Sinebrychoff",
	"ibuScale": "15.5 EBU",
	"platoScale": "10.3 &deg;P",
	"ebc": "12.9 EBC"
},
{
	"name": "Karhu III  tölkki",
	"country": "Suomi",
	"imgUrl": "//cdn.alko.fi/ProductImages/Scaled/792176/product.jpg",
	"price": "2,88",
	"volume": "0.5l",
	"description": "Kellanruskea, keskitäyteläinen, keskiasteisesti humaloitu, kevyen maltainen, hedelmäinen",
	"abvPercent": "4.6",
	"beerType": "lager",
	"pricePerLitre": "5.46 EUR",
	"packageType": "tölkki",
	"manufacturer": "Sinebrychoff",
	"ibuScale": "15.5 EBU",
	"platoScale": "10.3 &deg;P",
	"ebc": "12.9 EBC"
},
{
	"name": "Karhu Tosi Vahva 8-pack  tölkki",
	"country": "Suomi",
	"imgUrl": "//cdn.alko.fi/ProductImages/Scaled/795538/product.jpg",
	"price": "19,87",
	"volume": "2.64l",
	"description": "Kuparinruskea, täyteläinen, keskiasteisesti humaloitu, makean maltainen, hedelmäinen, pitkä",
	"abvPercent": "8.0",
	"beerType": "vahva lager",
	"pricePerLitre": "7.07 EUR",
	"packageType": "tölkki",
	"manufacturer": "Sinebrychoff",
	"ibuScale": "18.2 EBU",
	"platoScale": "16.8 &deg;P",
	"ebc": "29.0 EBC"
},
{
	"name": "Karhu Tosi Vahva  tölkki",
	"country": "Suomi",
	"imgUrl": "//cdn.alko.fi/ProductImages/Scaled/795526/product.jpg",
	"price": "4,40",
	"volume": "0.568l",
	"description": "Kuparinruskea, täyteläinen, keskiasteisesti humaloitu, makean maltainen, hedelmäinen, pitkä",
	"abvPercent": "8.0",
	"beerType": "vahva lager",
	"pricePerLitre": "7.48 EUR",
	"packageType": "tölkki",
	"manufacturer": "Sinebrychoff",
	"ibuScale": "18.2 EBU",
	"platoScale": "16.8 &deg;P",
	"ebc": "29.0 EBC"
},
{
	"name": "Karhu Tosi Vahva  tölkki",
	"country": "Suomi",
	"imgUrl": "//cdn.alko.fi/ProductImages/Scaled/795534/product.jpg",
	"price": "2,48",
	"volume": "0.33l",
	"description": "Kuparinruskea, täyteläinen, keskiasteisesti humaloitu, makean maltainen, hedelmäinen, pitkä",
	"abvPercent": "8.0",
	"beerType": "vahva lager",
	"pricePerLitre": "7.06 EUR",
	"packageType": "tölkki",
	"manufacturer": "Sinebrychoff",
	"ibuScale": "18.2 EBU",
	"platoScale": "16.8 &deg;P",
	"ebc": "29.0 EBC"
},
{
	"name": "Karhu Tumma",
	"country": "Suomi",
	"imgUrl": "//cdn.alko.fi/ProductImages/Scaled/775294/product.jpg",
	"price": "2,48",
	"volume": "0.33l",
	"description": "Mustanruskea, keskitäyteläinen, keskiasteisesti humaloitu, karamellimaltainen, pähkinäinen, kevyen paahteinen, hennon suklainen, mausteinen",
	"abvPercent": "6.0",
	"beerType": "tumma lager",
	"pricePerLitre": "7.21 EUR",
	"packageType": "pullo",
	"manufacturer": "Sinebrychoff",
	"ibuScale": "19.1 EBU",
	"platoScale": "13.1 &deg;P",
	"ebc": "73.8 EBC"
},
{
	"name": "Karjala A",
	"country": "Suomi",
	"imgUrl": "//cdn.alko.fi/ProductImages/Scaled/000041/product.jpg",
	"price": "1,58",
	"volume": "0.33l",
	"description": "Vaaleankeltainen, keskitäyteläinen, miedosti humaloitu, viljainen, kevyen pähkinäinen",
	"abvPercent": "5.2",
	"beerType": "lager",
	"pricePerLitre": "4.48 EUR",
	"packageType": "pullo",
	"manufacturer": "Hartwall",
	"ibuScale": "14.5 EBU",
	"platoScale": "11.6 &deg;P",
	"ebc": "14.6 EBC"
},
{
	"name": "Karjala A 6-pack  tölkki",
	"country": "Suomi",
	"imgUrl": "//cdn.alko.fi/ProductImages/Scaled/794078/product.jpg",
	"price": "17,22",
	"volume": "3.0l",
	"description": "Vaaleankeltainen, keskitäyteläinen, miedosti humaloitu, viljainen, kevyen pähkinäinen",
	"abvPercent": "5.2",
	"beerType": "lager",
	"pricePerLitre": "5.44 EUR",
	"packageType": "tölkki",
	"manufacturer": "Hartwall",
	"ibuScale": "14.5 EBU",
	"platoScale": "11.6 &deg;P",
	"ebc": "14.6 EBC"
},
{
	"name": "Karjala A  tölkki",
	"country": "Suomi",
	"imgUrl": "//cdn.alko.fi/ProductImages/Scaled/794076/product.jpg",
	"price": "2,87",
	"volume": "0.5l",
	"description": "Vaaleankeltainen, keskitäyteläinen, miedosti humaloitu, viljainen, kevyen pähkinäinen",
	"abvPercent": "5.2",
	"beerType": "lager",
	"pricePerLitre": "5.44 EUR",
	"packageType": "tölkki",
	"manufacturer": "Hartwall",
	"ibuScale": "14.5 EBU",
	"platoScale": "11.6 &deg;P",
	"ebc": "14.6 EBC"
},
{
	"name": "Karjala A  tölkki",
	"country": "Suomi",
	"imgUrl": "//cdn.alko.fi/ProductImages/Scaled/794084/product.jpg",
	"price": "1,74",
	"volume": "0.33l",
	"description": "Vaaleankeltainen, keskitäyteläinen, miedosti humaloitu, viljainen, kevyen pähkinäinen",
	"abvPercent": "5.2",
	"beerType": "lager",
	"pricePerLitre": "4.82 EUR",
	"packageType": "tölkki",
	"manufacturer": "Hartwall",
	"ibuScale": "14.5 EBU",
	"platoScale": "11.6 &deg;P",
	"ebc": "14.6 EBC"
},
{
	"name": "Karjala IV A 8-pack  tölkki",
	"country": "Suomi",
	"imgUrl": "//cdn.alko.fi/ProductImages/Scaled/794088/product.jpg",
	"price": "13,92",
	"volume": "2.64l",
	"description": "Vaaleankeltainen, keskitäyteläinen, miedosti humaloitu, viljainen, kevyen pähkinäinen",
	"abvPercent": "5.2",
	"beerType": "lager",
	"pricePerLitre": "4.82 EUR",
	"packageType": "tölkki",
	"manufacturer": "Hartwall",
	"ibuScale": "14.5 EBU",
	"platoScale": "11.6 &deg;P",
	"ebc": "14.6 EBC"
},
{
	"name": "Karjala  tölkki",
	"country": "Suomi",
	"imgUrl": "//cdn.alko.fi/ProductImages/Scaled/701536/product.jpg",
	"price": "3,45",
	"volume": "0.5l",
	"description": "Meripihkankeltainen, täyteläinen, keskiasteisesti humaloitu, viljainen, makean hedelmäinen",
	"abvPercent": "8.0",
	"beerType": "vahva lager",
	"pricePerLitre": "6.6 EUR",
	"packageType": "tölkki",
	"manufacturer": "Hartwall",
	"ibuScale": "21.5 EBU",
	"platoScale": "17.4 &deg;P",
	"ebc": "15.7 EBC"
},
{
	"name": "Kasteel Donker",
	"country": "Belgia",
	"imgUrl": "//cdn.alko.fi/ProductImages/Scaled/009686/product.jpg",
	"price": "4,69",
	"volume": "0.33l",
	"description": "Tummanruskea, erittäin täyteläinen, miedosti humaloitu, karamellimaltainen, siirappinen, kuivahedelmäinen, kevyen lakritsinen, runsas",
	"abvPercent": "11.0",
	"beerType": "ale",
	"pricePerLitre": "13.91 EUR",
	"packageType": "pullo",
	"manufacturer": "Brouwerij Van Honsebrouck",
	"ibuScale": "14.7 EBU",
	"platoScale": "23.7 &deg;P",
	"ebc": "80.8 EBC"
},
{
	"name": "Keisari One-Off Nunna Belgian Dark Strong Ale",
	"country": "Suomi",
	"imgUrl": "//cdn.alko.fi/ProductImages/Scaled/714424/product.jpg",
	"price": "3,72",
	"volume": "0.33l",
	"description": "Mahonginruskea, samea, täyteläinen, voimakkaasti humaloitu, suklaamaltainen, luumuinen, kevyen siirappinen, mausteinen, pitkä",
	"abvPercent": "8.0",
	"beerType": "ale",
	"pricePerLitre": "10.97 EUR",
	"packageType": "pullo",
	"manufacturer": "Nokian Panimo",
	"ibuScale": "30.3 EBU",
	"platoScale": "19.3 &deg;P",
	"ebc": "112.0 EBC"
},
{
	"name": "Kimito Archipelago Pale Ale",
	"country": "Suomi",
	"imgUrl": "//cdn.alko.fi/ProductImages/Scaled/701794/product.jpg",
	"price": "4,49",
	"volume": "0.33l",
	"description": "Meripihkankeltainen, samea, keskitäyteläinen, voimakkaasti humaloitu, keksinen, kuivahedelmäinen, yrttinen",
	"abvPercent": "5.5",
	"beerType": "ale",
	"pricePerLitre": "13.61 EUR",
	"packageType": "pullo",
	"manufacturer": "Kimito Brewing",
	"ibuScale": "48.3 EBU",
	"platoScale": "12.0 &deg;P",
	"ebc": "29.3 EBC"
},
{
	"name": "Kimito Brewing Brown Ale",
	"country": "Suomi",
	"imgUrl": "//cdn.alko.fi/ProductImages/Scaled/771624/product.jpg",
	"price": "4,48",
	"volume": "0.33l",
	"description": "Kahvinruskea, samea, keskitäyteläinen, keskiasteisesti humaloitu, mallasleipäinen, pähkinäinen, kevyen yrttinen, tasapainoinen",
	"abvPercent": "5.6",
	"beerType": "ale",
	"pricePerLitre": "13.58 EUR",
	"packageType": "pullo",
	"manufacturer": "Kimito Brewing",
	"ibuScale": "28.7 EBU",
	"platoScale": "13.4 &deg;P",
	"ebc": "87.2 EBC"
},
{
	"name": "Kimito Brewing Mosaic&#47;Vienna",
	"country": "Suomi",
	"imgUrl": "//cdn.alko.fi/ProductImages/Scaled/733274/product.jpg",
	"price": "4,57",
	"volume": "0.33l",
	"description": "Oljenkeltainen, samea, keskitäyteläinen, keskiasteisesti humaloitu, sitruksinen, mallaskeksinen, kevyen passionhedelmäinen, yrttinen, tasapainoinen",
	"abvPercent": "5.6",
	"beerType": "ale",
	"pricePerLitre": "13.85 EUR",
	"packageType": "pullo",
	"manufacturer": "Kimito Brewing",
	"ibuScale": "38.5 EBU",
	"platoScale": "12.7 &deg;P",
	"ebc": "15.0 EBC"
},
{
	"name": "Kimito Mandarina Vehnä",
	"country": "Suomi",
	"imgUrl": "//cdn.alko.fi/ProductImages/Scaled/720234/product.jpg",
	"price": "4,59",
	"volume": "0.33l",
	"description": "Kellanruskea, samea, kevyt, miedosti humaloitu, vehnäinen, hedelmäinen, kevyen sitruksinen, raikas",
	"abvPercent": "5.5",
	"beerType": "vehnäolut",
	"pricePerLitre": "13.91 EUR",
	"packageType": "pullo",
	"manufacturer": "Kimito Brewing",
	"ibuScale": "17.4 EBU",
	"platoScale": "13.5 &deg;P",
	"ebc": "21.4 EBC"
},
{
	"name": "Kinn Bryggeri Kveldsbris",
	"country": "Norja",
	"imgUrl": "//cdn.alko.fi/ProductImages/Scaled/785704/product.jpg",
	"price": "4,57",
	"volume": "0.33l",
	"description": "Viljankeltainen, samea, keskitäyteläinen, keskiasteisesti humaloitu, hedelmäinen, sitruksinen, ruohoinen, mausteinen",
	"abvPercent": "5.5",
	"beerType": "ale",
	"pricePerLitre": "13.55 EUR",
	"packageType": "pullo",
	"manufacturer": "Kinn Bryggeri",
	"ibuScale": "21.9 EBU",
	"platoScale": "12.6 &deg;P",
	"ebc": "11.9 EBC"
},
{
	"name": "Kirin Ichiban",
	"country": "Saksa",
	"imgUrl": "//cdn.alko.fi/ProductImages/Scaled/900544/product.jpg",
	"price": "2,80",
	"volume": "0.33l",
	"description": "Kellertävä, kevyt, keskiasteisesti humaloitu, hunajainen, maltainen, aromikas",
	"abvPercent": "5.0",
	"beerType": "lager",
	"pricePerLitre": "8.18 EUR",
	"packageType": "pullo",
	"manufacturer": "Kirin Brewery Company Limited",
	"ibuScale": "21.3 EBU",
	"platoScale": "11.6 &deg;P",
	"ebc": "8.1 EBC"
},
{
	"name": "Kiuchi Hitachino Nest Beer Espresso Stout",
	"country": "Japani",
	"imgUrl": "//cdn.alko.fi/ProductImages/Scaled/948644/product.jpg",
	"price": "4,98",
	"volume": "0.33l",
	"description": "Musta, samea, täyteläinen, voimakkaasti humaloitu, paahteinen, mausteinen, kahvinen",
	"abvPercent": "7.0",
	"beerType": "stout & porter",
	"pricePerLitre": "15.09 EUR",
	"packageType": "pullo",
	"manufacturer": "Kiuchi Brewery",
	"ibuScale": "31.7 EBU",
	"platoScale": "18.5 &deg;P",
	"ebc": "254.0 EBC"
},
{
	"name": "Klosterbrauerei Baumburg Heller Bock",
	"country": "Saksa",
	"imgUrl": "//cdn.alko.fi/ProductImages/Scaled/742914/product.jpg",
	"price": "3,12",
	"volume": "0.33l",
	"description": "Kullanruskea, keskitäyteläinen, keskiasteisesti humaloitu, makean maltainen, hunajainen, hedelmäkakkuinen, mausteinen, runsas",
	"abvPercent": "6.8",
	"beerType": "vahva lager",
	"pricePerLitre": "9.15 EUR",
	"packageType": "pullo",
	"manufacturer": "Klosterbrauerei Baumburg",
	"ibuScale": "15.6 EBU",
	"platoScale": "16.8 &deg;P",
	"ebc": "18.9 EBC"
},
{
	"name": "König Pilsener",
	"country": "Saksa",
	"imgUrl": "//cdn.alko.fi/ProductImages/Scaled/796394/product.jpg",
	"price": "2,62",
	"volume": "0.33l",
	"description": "Viljankeltainen, keskitäyteläinen, voimakkaasti humaloitu, keksinen, jalohumala-arominen, kevyen mausteinen, runsas",
	"abvPercent": "4.9",
	"beerType": "pils",
	"pricePerLitre": "7.64 EUR",
	"packageType": "pullo",
	"manufacturer": "König-Brauerei",
	"ibuScale": "27.0 EBU",
	"platoScale": "11.3 &deg;P",
	"ebc": "6.7 EBC"
},
{
	"name": "Koch Nipperkin Old Ale",
	"country": "Viro",
	"imgUrl": "//cdn.alko.fi/ProductImages/Scaled/725974/product.jpg",
	"price": "4,29",
	"volume": "0.33l",
	"description": "Mahonginruskea, täyteläinen, keskiasteisesti humaloitu, karamellimaltainen, hedelmätorttuinen, kermainen, pähkinäinen, mausteinen, tasapainoinen",
	"abvPercent": "9.0",
	"beerType": "ale",
	"pricePerLitre": "12.7 EUR",
	"packageType": "pullo",
	"manufacturer": "Koch",
	"ibuScale": "29.2 EBU",
	"platoScale": "20.4 &deg;P",
	"ebc": "62.3 EBC"
},
{
	"name": "Koch Porter",
	"country": "Viro",
	"imgUrl": "//cdn.alko.fi/ProductImages/Scaled/776424/product.jpg",
	"price": "4,11",
	"volume": "0.33l",
	"description": "Ruskeanmusta, keskitäyteläinen, voimakkaasti humaloitu, paahtomaltainen, kuivahedelmäinen, tummasuklainen, kevyen mokkainen, mausteinen",
	"abvPercent": "7.5",
	"beerType": "stout & porter",
	"pricePerLitre": "12.15 EUR",
	"packageType": "pullo",
	"manufacturer": "Koch",
	"ibuScale": "41.0 EBU",
	"platoScale": "17.8 &deg;P",
	"ebc": "179.0 EBC"
},
{
	"name": "Koff A 6-pack  tölkki",
	"country": "Suomi",
	"imgUrl": "//cdn.alko.fi/ProductImages/Scaled/795288/product.jpg",
	"price": "17,49",
	"volume": "3.0l",
	"description": "Vaaleanruskea, keskitäyteläinen, keskiasteisesti humaloitu, hennon viljainen, kevyen hedelmäinen",
	"abvPercent": "5.2",
	"beerType": "lager",
	"pricePerLitre": "5.53 EUR",
	"packageType": "tölkki",
	"manufacturer": "Sinebrychoff",
	"ibuScale": "17.1 EBU",
	"platoScale": "11.8 &deg;P",
	"ebc": "11.1 EBC"
},
{
	"name": "Koff A  tölkki",
	"country": "Suomi",
	"imgUrl": "//cdn.alko.fi/ProductImages/Scaled/795286/product.jpg",
	"price": "2,91",
	"volume": "0.5l",
	"description": "Vaaleanruskea, keskitäyteläinen, keskiasteisesti humaloitu, hennon viljainen, kevyen hedelmäinen",
	"abvPercent": "5.2",
	"beerType": "lager",
	"pricePerLitre": "5.52 EUR",
	"packageType": "tölkki",
	"manufacturer": "Sinebrychoff",
	"ibuScale": "17.1 EBU",
	"platoScale": "11.8 &deg;P",
	"ebc": "11.1 EBC"
},
{
	"name": "Koff III",
	"country": "Suomi",
	"imgUrl": "//cdn.alko.fi/ProductImages/Scaled/009273/product.jpg",
	"price": "1,93",
	"volume": "0.33l",
	"description": "Keltainen, keskitäyteläinen, miedosti humaloitu, kevyen maltainen, hedelmäinen, raikas",
	"abvPercent": "4.5",
	"beerType": "lager",
	"pricePerLitre": "5.55 EUR",
	"packageType": "pullo",
	"manufacturer": "Sinebrychoff",
	"ibuScale": "12.2 EBU",
	"platoScale": "9.9 &deg;P",
	"ebc": "9.4 EBC"
},
{
	"name": "Koff III 8-pack  tölkki",
	"country": "Suomi",
	"imgUrl": "//cdn.alko.fi/ProductImages/Scaled/736658/product.jpg",
	"price": "15,20",
	"volume": "2.64l",
	"description": "Keltainen, keskitäyteläinen, miedosti humaloitu, kevyen maltainen, hedelmäinen, raikas",
	"abvPercent": "4.5",
	"beerType": "lager",
	"pricePerLitre": "5.3 EUR",
	"packageType": "tölkki",
	"manufacturer": "Sinebrychoff",
	"ibuScale": "12.2 EBU",
	"platoScale": "9.9 &deg;P",
	"ebc": "9.4 EBC"
},
{
	"name": "Koff III  tölkki",
	"country": "Suomi",
	"imgUrl": "//cdn.alko.fi/ProductImages/Scaled/736654/product.jpg",
	"price": "1,90",
	"volume": "0.33l",
	"description": "Keltainen, keskitäyteläinen, miedosti humaloitu, kevyen maltainen, hedelmäinen, raikas",
	"abvPercent": "4.5",
	"beerType": "lager",
	"pricePerLitre": "5.3 EUR",
	"packageType": "tölkki",
	"manufacturer": "Sinebrychoff",
	"ibuScale": "12.2 EBU",
	"platoScale": "9.9 &deg;P",
	"ebc": "9.4 EBC"
},
{
	"name": "Kolk Indulgents India Pale Ale",
	"country": "Viro",
	"imgUrl": "//cdn.alko.fi/ProductImages/Scaled/908134/product.jpg",
	"price": "5,10",
	"volume": "0.33l",
	"description": "Punaruskea, samea, täyteläinen, voimakkaasti humaloitu, greippinen, maltainen, sitruksinen",
	"abvPercent": "6.5",
	"beerType": "ale",
	"pricePerLitre": "15.45 EUR",
	"packageType": "pullo",
	"manufacturer": "Kolk",
	"ibuScale": "50.0 EBU",
	"platoScale": "16.2 &deg;P",
	"ebc": "14.0 EBC"
},
{
	"name": "Kolk Sugavik Robust Porter",
	"country": "Viro",
	"imgUrl": "//cdn.alko.fi/ProductImages/Scaled/907454/product.jpg",
	"price": "5,19",
	"volume": "0.33l",
	"description": "Musta, samea, runsasvaahtoinen, erittäin täyteläinen, voimakkaasti humaloitu, suklaamaltainen, sitruksinen, paahteinen",
	"abvPercent": "5.8",
	"beerType": "stout & porter",
	"pricePerLitre": "15.73 EUR",
	"packageType": "pullo",
	"manufacturer": "Kolk",
	"ibuScale": "36.0 EBU",
	"platoScale": "14.8 &deg;P",
	"ebc": "63.9 EBC"
},
{
	"name": "Kopparberg Fruit Lager Lemon & Lime",
	"country": "Ruotsi",
	"imgUrl": "//cdn.alko.fi/ProductImages/Scaled/914914/product.jpg",
	"price": "3,23",
	"volume": "0.33l",
	"description": "Keltainen, sitruksinen, limettinen, viljainen",
	"abvPercent": "5.0",
	"beerType": "erikoisuus",
	"pricePerLitre": "9.48 EUR",
	"packageType": "pullo",
	"manufacturer": "Kopparbergs Bryggeri",
	"ibuScale": "1.4 EBU",
	"platoScale": "15.4 &deg;P",
	"ebc": "3.0 EBC"
},
{
	"name": "Krombacher Pils",
	"country": "Saksa",
	"imgUrl": "//cdn.alko.fi/ProductImages/Scaled/763766/product.jpg",
	"price": "3,10",
	"volume": "0.5l",
	"description": "Kullankeltainen, keskitäyteläinen, keskiasteisesti humaloitu, hedelmäinen, viljainen, kevyen mausteinen, raikas",
	"abvPercent": "4.8",
	"beerType": "pils",
	"pricePerLitre": "6.0 EUR",
	"packageType": "pullo",
	"manufacturer": "Krombacher Brauerei",
	"ibuScale": "19.5 EBU",
	"platoScale": "11.2 &deg;P",
	"ebc": "9.5 EBC"
},
{
	"name": "Krombacher Weizen",
	"country": "Saksa",
	"imgUrl": "//cdn.alko.fi/ProductImages/Scaled/959106/product.jpg",
	"price": "3,75",
	"volume": "0.5l",
	"description": "Meripihkankeltainen, samea, runsasvaahtoinen, keskitäyteläinen, miedosti humaloitu, viljainen, hedelmäinen",
	"abvPercent": "5.3",
	"beerType": "vehnäolut",
	"pricePerLitre": "7.3 EUR",
	"packageType": "pullo",
	"manufacturer": "Krombacher Brauerei",
	"ibuScale": "15.5 EBU",
	"platoScale": "12.2 &deg;P",
	"ebc": "14.5 EBC"
},
{
	"name": "Kulmbacher Pils Edelherb",
	"country": "Saksa",
	"imgUrl": "//cdn.alko.fi/ProductImages/Scaled/710966/product.jpg",
	"price": "3,50",
	"volume": "0.5l",
	"description": "Oljenkeltainen, keskitäyteläinen, voimakkaasti humaloitu, hedelmäinen, viljainen, sitruksinen, jalohumala-arominen",
	"abvPercent": "4.9",
	"beerType": "pils",
	"pricePerLitre": "6.8 EUR",
	"packageType": "pullo",
	"manufacturer": "Kulmbacher Brauerei",
	"ibuScale": "24.5 EBU",
	"platoScale": "11.2 &deg;P",
	"ebc": "7.0 EBC"
},
{
	"name": "Lagunitas Hop Stoopid",
	"country": "Yhdysvallat",
	"imgUrl": "//cdn.alko.fi/ProductImages/Scaled/710286/product.jpg",
	"price": "11,99",
	"volume": "0.65l",
	"description": "Kullanruskea, täyteläinen, erittäin voimakkaasti humaloitu, maltainen, kypsän sitruksinen, aprikoosinen, kevyen havuinen, yrttinen, vivahteikas, pitkä",
	"abvPercent": "8.0",
	"beerType": "ale",
	"pricePerLitre": "18.45 EUR",
	"packageType": "pullo",
	"manufacturer": "Lagunitas",
	"ibuScale": "102.0 EBU",
	"platoScale": "17.8 &deg;P",
	"ebc": "18.0 EBC"
},
{
	"name": "Lagunitas IPA",
	"country": "Yhdysvallat",
	"imgUrl": "//cdn.alko.fi/ProductImages/Scaled/707334/product.jpg",
	"price": "3,98",
	"volume": "0.355l",
	"description": "Meripihkankeltainen, keskitäyteläinen, voimakkaasti humaloitu, sitruksinen, pomeranssinen, kevyen kukkainen, yrttinen, tasapainoinen, raikas",
	"abvPercent": "6.2",
	"beerType": "ale",
	"pricePerLitre": "10.93 EUR",
	"packageType": "pullo",
	"manufacturer": "Lagunitas",
	"ibuScale": "44.3 EBU",
	"platoScale": "14.5 &deg;P",
	"ebc": "20.7 EBC"
},
{
	"name": "Lagunitas Maximus Double IPA",
	"country": "Yhdysvallat",
	"imgUrl": "//cdn.alko.fi/ProductImages/Scaled/768704/product.jpg",
	"price": "4,85",
	"volume": "0.355l",
	"description": "Meripihkankeltainen, samea, täyteläinen, erittäin voimakkaasti humaloitu, karamellimaltainen, kuivahedelmäinen, havuinen, tasapainoinen",
	"abvPercent": "8.2",
	"beerType": "ale",
	"pricePerLitre": "13.66 EUR",
	"packageType": "pullo",
	"manufacturer": "Lagunitas",
	"ibuScale": "50.2 EBU",
	"platoScale": "19.1 &deg;P",
	"ebc": "31.5 EBC"
},
{
	"name": "Laitilan Agricola Suomi 100 V Juhlaolut",
	"country": "Suomi",
	"imgUrl": "//cdn.alko.fi/ProductImages/Scaled/741024/product.jpg",
	"price": "3,96",
	"volume": "0.33l",
	"description": "Kastanjanruskea, samea, runsasvaahtoinen, täyteläinen, keskiasteisesti humaloitu, mallaskeksinen, kuivahedelmäinen, yrttinen, tasapainoinen",
	"abvPercent": "6.5",
	"beerType": "ale",
	"pricePerLitre": "11.7 EUR",
	"packageType": "pullo",
	"manufacturer": "Laitilan Wirvoitusjuomatehdas",
	"ibuScale": "21.5 EBU",
	"platoScale": "14.5 &deg;P",
	"ebc": "49.6 EBC"
},
{
	"name": "Laitilan Imperiaali Stout",
	"country": "Suomi",
	"imgUrl": "//cdn.alko.fi/ProductImages/Scaled/706504/product.jpg",
	"price": "5,93",
	"volume": "0.33l",
	"description": "Mustanruskea, runsasvaahtoinen, erittäin täyteläinen, voimakkaasti humaloitu, ruisleipäinen, tummasuklainen, espressomainen, mausteinen, lämmin, runsas",
	"abvPercent": "9.2",
	"beerType": "stout & porter",
	"pricePerLitre": "17.67 EUR",
	"packageType": "pullo",
	"manufacturer": "Laitilan Wirvoitusjuomatehdas",
	"ibuScale": "82.0 EBU",
	"platoScale": "21.5 &deg;P",
	"ebc": "414.0 EBC"
},
{
	"name": "Laitilan Kukko Tuima  tölkki",
	"country": "Suomi",
	"imgUrl": "//cdn.alko.fi/ProductImages/Scaled/775734/product.jpg",
	"price": "2,49",
	"volume": "0.33l",
	"description": "Meripihkankeltainen, täyteläinen, keskiasteisesti humaloitu, hunajamaltainen, muroinen, kypsän sitruksinen, tasapainoinen",
	"abvPercent": "8.5",
	"beerType": "vahva lager",
	"pricePerLitre": "7.09 EUR",
	"packageType": "tölkki",
	"manufacturer": "Laitilan Wirvoitusjuomatehdas",
	"ibuScale": "12.6 EBU",
	"platoScale": "19.4 &deg;P",
	"ebc": "18.4 EBC"
},
{
	"name": "Laitilan Kukko Vahva Pils 12-pack  tölkki",
	"country": "Suomi",
	"imgUrl": "//cdn.alko.fi/ProductImages/Scaled/747088/product.jpg",
	"price": "24,88",
	"volume": "3.96l",
	"description": "Vaaleankeltainen, keskitäyteläinen, keskiasteisesti humaloitu, maltainen, yrttinen, aromikas",
	"abvPercent": "5.5",
	"beerType": "pils",
	"pricePerLitre": "5.83 EUR",
	"packageType": "tölkki",
	"manufacturer": "Laitilan Wirvoitusjuomatehdas",
	"ibuScale": "24.4 EBU",
	"platoScale": "13.2 &deg;P",
	"ebc": "9.5 EBC"
},
{
	"name": "Laitilan Kukko Vahva Pils  tölkki",
	"country": "Suomi",
	"imgUrl": "//cdn.alko.fi/ProductImages/Scaled/747084/product.jpg",
	"price": "2,07",
	"volume": "0.33l",
	"description": "Vaaleankeltainen, keskitäyteläinen, keskiasteisesti humaloitu, maltainen, yrttinen, aromikas",
	"abvPercent": "5.5",
	"beerType": "pils",
	"pricePerLitre": "5.82 EUR",
	"packageType": "tölkki",
	"manufacturer": "Laitilan Wirvoitusjuomatehdas",
	"ibuScale": "24.4 EBU",
	"platoScale": "13.2 &deg;P",
	"ebc": "9.5 EBC"
},
{
	"name": "Laitilan Lakritsi Portteri",
	"country": "Suomi",
	"imgUrl": "//cdn.alko.fi/ProductImages/Scaled/930684/product.jpg",
	"price": "4,48",
	"volume": "0.33l",
	"description": "Musta, täyteläinen, miedosti humaloitu, suklaamaltainen, karamellinen, mausteinen",
	"abvPercent": "5.4",
	"beerType": "stout & porter",
	"pricePerLitre": "13.27 EUR",
	"packageType": "pullo",
	"manufacturer": "Laitilan Wirvoitusjuomatehdas",
	"ibuScale": "28.2 EBU",
	"platoScale": "14.9 &deg;P",
	"ebc": "184.0 EBC"
},
{
	"name": "Laitilan Mississippi Beer",
	"country": "Suomi",
	"imgUrl": "//cdn.alko.fi/ProductImages/Scaled/726554/product.jpg",
	"price": "3,51",
	"volume": "0.33l",
	"description": "Kullankeltainen, samea, keskitäyteläinen, voimakkaasti humaloitu, sitruksinen, viljainen, hennon aprikoosinen, greippinen, kevyen yrttinen, raikas, pitkä",
	"abvPercent": "5.0",
	"beerType": "erikoisuus",
	"pricePerLitre": "10.33 EUR",
	"packageType": "pullo",
	"manufacturer": "Laitilan Wirvoitusjuomatehdas",
	"ibuScale": "37.9 EBU",
	"platoScale": "11.3 &deg;P",
	"ebc": "15.0 EBC"
},
{
	"name": "Laitilan Savu India Pale Ale",
	"country": "Suomi",
	"imgUrl": "//cdn.alko.fi/ProductImages/Scaled/711624/product.jpg",
	"price": "3,98",
	"volume": "0.33l",
	"description": "Kellanruskea, samea, keskitäyteläinen, voimakkaasti humaloitu, keksinen, kevyen savuinen, kypsän sitruksinen, yrttinen, pitkä",
	"abvPercent": "5.9",
	"beerType": "ale",
	"pricePerLitre": "11.76 EUR",
	"packageType": "pullo",
	"manufacturer": "Laitilan Wirvoitusjuomatehdas",
	"ibuScale": "70.4 EBU",
	"platoScale": "13.3 &deg;P",
	"ebc": "16.1 EBC"
},
{
	"name": "Lammin Sahti",
	"country": "Suomi",
	"imgUrl": "//cdn.alko.fi/ProductImages/Scaled/776156/product.jpg",
	"price": "8,03",
	"volume": "0.5l",
	"description": "Ruskea, samea, täyteläinen, pehmeä, savuinen",
	"abvPercent": "7.5",
	"beerType": "erikoisuus",
	"pricePerLitre": "16.06 EUR",
	"packageType": "pullo",
	"manufacturer": "Lammin Sahti",
    "ebc": "50.9 EBC"
},
{
	"name": "Lammin Sahti Hippiäinen",
	"country": "Suomi",
	"imgUrl": "//cdn.alko.fi/ProductImages/Scaled/723454/product.jpg",
	"price": "5,84",
	"volume": "0.33l",
	"description": "Kinuskinruskea, samea, keskitäyteläinen, keskiasteisesti humaloitu, viljainen, karamellimaltainen, kypsän hedelmäinen, toffeinen, kevyen mausteinen, pehmeä",
	"abvPercent": "7.0",
	"beerType": "ale",
	"pricePerLitre": "17.7 EUR",
	"packageType": "pullo",
	"manufacturer": "Lammin Sahti",
	"ibuScale": "29.0 EBU",
	"platoScale": "22.0 &deg;P",
	"ebc": "50.9 EBC"
},
{
	"name": "Lapin Kulta A 6-pack  tölkki",
	"country": "Suomi",
	"imgUrl": "//cdn.alko.fi/ProductImages/Scaled/795648/product.jpg",
	"price": "17,46",
	"volume": "3.0l",
	"description": "Keltainen, keskitäyteläinen, keskiasteisesti humaloitu, maltainen, pähkinäinen, kevyen yrttinen",
	"abvPercent": "5.2",
	"beerType": "lager",
	"pricePerLitre": "5.52 EUR",
	"packageType": "tölkki",
	"manufacturer": "Hartwall",
	"ibuScale": "11.6 EBU",
	"platoScale": "11.7 &deg;P",
	"ebc": "11.9 EBC"
},
{
	"name": "Lapin Kulta A 8-pack  tölkki",
	"country": "Suomi",
	"imgUrl": "//cdn.alko.fi/ProductImages/Scaled/795688/product.jpg",
	"price": "15,52",
	"volume": "2.64l",
	"description": "Keltainen, keskitäyteläinen, keskiasteisesti humaloitu, maltainen, pähkinäinen, kevyen yrttinen",
	"abvPercent": "5.2",
	"beerType": "lager",
	"pricePerLitre": "5.42 EUR",
	"packageType": "tölkki",
	"manufacturer": "Hartwall",
	"ibuScale": "11.6 EBU",
	"platoScale": "11.7 &deg;P",
	"ebc": "11.9 EBC"
},
{
	"name": "Lapin Kulta A  tölkki",
	"country": "Suomi",
	"imgUrl": "//cdn.alko.fi/ProductImages/Scaled/795646/product.jpg",
	"price": "2,91",
	"volume": "0.5l",
	"description": "Keltainen, keskitäyteläinen, keskiasteisesti humaloitu, maltainen, pähkinäinen, kevyen yrttinen",
	"abvPercent": "5.2",
	"beerType": "lager",
	"pricePerLitre": "5.52 EUR",
	"packageType": "tölkki",
	"manufacturer": "Hartwall",
	"ibuScale": "11.6 EBU",
	"platoScale": "11.7 &deg;P",
	"ebc": "11.9 EBC"
},
{
	"name": "Lapin Kulta A  tölkki",
	"country": "Suomi",
	"imgUrl": "//cdn.alko.fi/ProductImages/Scaled/795674/product.jpg",
	"price": "1,94",
	"volume": "0.33l",
	"description": "Keltainen, keskitäyteläinen, keskiasteisesti humaloitu, maltainen, pähkinäinen, kevyen yrttinen",
	"abvPercent": "5.2",
	"beerType": "lager",
	"pricePerLitre": "5.42 EUR",
	"packageType": "tölkki",
	"manufacturer": "Hartwall",
	"ibuScale": "11.6 EBU",
	"platoScale": "11.7 &deg;P",
	"ebc": "11.9 EBC"
},
{
	"name": "Lapin Kulta III",
	"country": "Suomi",
	"imgUrl": "//cdn.alko.fi/ProductImages/Scaled/958258/product.jpg",
	"price": "192,19",
	"volume": "30.0l",
	"description": "Kullankeltainen, keskitäyteläinen, miedosti humaloitu, hedelmäinen",
	"abvPercent": "4.5",
	"beerType": "lager",
	"pricePerLitre": "4.47 EUR",
	"packageType": "tynnyri",
	"manufacturer": "Hartwall",
	"ibuScale": "22.0 EBU",
	"platoScale": "12.0 &deg;P",
	"ebc": "8.0 EBC"
},
{
	"name": "Lapin Kulta Premium III",
	"country": "Suomi",
	"imgUrl": "//cdn.alko.fi/ProductImages/Scaled/009303/product.jpg",
	"price": "1,53",
	"volume": "0.33l",
	"description": "Keltainen, kevyt, miedosti humaloitu, viljainen, keksinen, raikas",
	"abvPercent": "4.5",
	"beerType": "lager",
	"pricePerLitre": "4.33 EUR",
	"packageType": "pullo",
	"manufacturer": "Hartwall",
	"ibuScale": "10.6 EBU",
	"platoScale": "10.0 &deg;P",
	"ebc": "10.0 EBC"
},
{
	"name": "La Quince & Cervesa Guineu Vanilla Black Velvet 2016",
	"country": "Espanja",
	"imgUrl": "//cdn.alko.fi/ProductImages/Scaled/957034/product.jpg",
	"price": "6,59",
	"volume": "0.33l",
	"description": "Ruskea, samea, erittäin täyteläinen, voimakkaasti humaloitu, suklainen, kaakaoinen",
	"abvPercent": "9.5",
	"beerType": "stout & porter",
	"pricePerLitre": "19.97 EUR",
	"packageType": "pullo",
	"manufacturer": "La Quince & Cervesa Guineu",
	"ibuScale": "84.9 EBU",
	"platoScale": "23.6 &deg;P",
	"ebc": "9.8 EBC"
},
{
	"name": "La Quince Llipa!",
	"country": "Espanja",
	"imgUrl": "//cdn.alko.fi/ProductImages/Scaled/909874/product.jpg",
	"price": "5,48",
	"volume": "0.33l",
	"description": "Vaaleanruskea, kevyt, voimakkaasti humaloitu, greippinen, aromikas, sitruksinen",
	"abvPercent": "6.4",
	"beerType": "ale",
	"pricePerLitre": "16.61 EUR",
	"packageType": "pullo",
	"manufacturer": "La Quince",
	"ibuScale": "73.7 EBU",
	"platoScale": "16.0 &deg;P",
	"ebc": "27.9 EBC"
},
{
	"name": "La Rulles Estivale",
	"country": "Belgia",
	"imgUrl": "//cdn.alko.fi/ProductImages/Scaled/730727/product.jpg",
	"price": "11,98",
	"volume": "0.75l",
	"description": "Oljenkeltainen, samea, runsasvaahtoinen, täyteläinen, voimakkaasti humaloitu, viljainen, sitruksinen, kevyen aprikoosinen, yrttinen, tasapainoinen",
	"abvPercent": "5.2",
	"beerType": "ale",
	"pricePerLitre": "15.97 EUR",
	"packageType": "pullo",
	"manufacturer": "Brasserie Artisanale de Rulles",
	"ibuScale": "43.0 EBU",
	"platoScale": "12.0 &deg;P",
	"ebc": "10.0 EBC"
},
{
	"name": "La Rulles Triple",
	"country": "Belgia",
	"imgUrl": "//cdn.alko.fi/ProductImages/Scaled/718687/product.jpg",
	"price": "11,98",
	"volume": "0.75l",
	"description": "Meripihkankeltainen, samea, runsasvaahtoinen, täyteläinen, voimakkaasti humaloitu, sitruksinen, keksinen, kevyen yrttinen, raikas",
	"abvPercent": "8.4",
	"beerType": "ale",
	"pricePerLitre": "15.97 EUR",
	"packageType": "pullo",
	"manufacturer": "Brasserie Artisanale de Rulles",
	"ibuScale": "39.0 EBU",
	"platoScale": "17.6 &deg;P",
	"ebc": "13.0 EBC"
},
{
	"name": "La Socarrada Er Boqueron",
	"country": "Espanja",
	"imgUrl": "//cdn.alko.fi/ProductImages/Scaled/766314/product.jpg",
	"price": "3,98",
	"volume": "0.33l",
	"description": "Viljankeltainen, runsasvaahtoinen, samea, kevyt, miedosti humaloitu, sitruksinen, kermainen, kevyen mineraalinen, raikas",
	"abvPercent": "4.8",
	"beerType": "erikoisuus",
	"pricePerLitre": "12.06 EUR",
	"packageType": "pullo",
	"manufacturer": "La Socarrada",
	"ibuScale": "19.0 EBU",
	"platoScale": "11.5 &deg;P",
	"ebc": "6.0 EBC"
},
{
	"name": "La Trappe Dubbel",
	"country": "Hollanti",
	"imgUrl": "//cdn.alko.fi/ProductImages/Scaled/716854/product.jpg",
	"price": "3,99",
	"volume": "0.33l",
	"description": "Pähkinänruskea, täyteläinen, keskiasteisesti humaloitu, karamellimaltainen, suklainen, yrttinen, hennon mausteinen, lämmin",
	"abvPercent": "7.0",
	"beerType": "erikoisuus",
	"pricePerLitre": "11.79 EUR",
	"packageType": "pullo",
	"manufacturer": "Bierbrouwerij de Koningshoeven",
	"ibuScale": "13.9 EBU",
	"platoScale": "16.7 &deg;P",
	"ebc": "84.2 EBC"
},
{
	"name": "La Trappe Quadrupel Oak Aged #17",
	"country": "Hollanti",
	"imgUrl": "//cdn.alko.fi/ProductImages/Scaled/737444/product.jpg",
	"price": "13,52",
	"volume": "0.375l",
	"description": "Kinuskinruskea, samea, erittäin täyteläinen, keskiasteisesti humaloitu, karamellimaltainen, kypsän hedelmäinen, luumuinen, kevyen marjainen, kinuskinen, mausteinen, runsas, lämmin",
	"abvPercent": "10.0",
	"beerType": "erikoisuus",
	"pricePerLitre": "36.05 EUR",
	"packageType": "pullo",
	"manufacturer": "Bierbrouwerij de Koningshoeven",
	"ibuScale": "22.0 EBU",
	"platoScale": "22.0 &deg;P",
	"ebc": "36.0 EBC"
},
{
	"name": "La Trappe Tripel",
	"country": "Hollanti",
	"imgUrl": "//cdn.alko.fi/ProductImages/Scaled/769854/product.jpg",
	"price": "3,98",
	"volume": "0.33l",
	"description": "Meripihkankeltainen, täyteläinen, keskiasteisesti humaloitu, hunajamaltainen, kypsän hedelmäinen, mausteinen, lämmin",
	"abvPercent": "8.0",
	"beerType": "erikoisuus",
	"pricePerLitre": "11.76 EUR",
	"packageType": "pullo",
	"manufacturer": "Bierbrouwerij de Koningshoeven",
	"ibuScale": "20.4 EBU",
	"platoScale": "17.4 &deg;P",
	"ebc": "16.0 EBC"
},
{
	"name": "Lefebvre Hopus Primeur",
	"country": "Belgia",
	"imgUrl": "//cdn.alko.fi/ProductImages/Scaled/761504/product.jpg",
	"price": "4,99",
	"volume": "0.33l",
	"description": "Viljankeltainen, samea, runsasvaahtoinen, keskitäyteläinen, voimakkaasti humaloitu, hunajamaltainen, runsaan sitruksinen, aprikoosinen, kevyen ruohoinen, yrttinen",
	"abvPercent": "8.3",
	"beerType": "ale",
	"pricePerLitre": "15.12 EUR",
	"packageType": "pullo",
	"manufacturer": "Lefebvre",
	"ibuScale": "60.0 EBU",
	"platoScale": "16.8 &deg;P",
	"ebc": "9.0 EBC"
},
{
	"name": "Leffe Blonde",
	"country": "Belgia",
	"imgUrl": "//cdn.alko.fi/ProductImages/Scaled/000166/product.jpg",
	"price": "3,88",
	"volume": "0.33l",
	"description": "Kullankeltainen, keskitäyteläinen, keskiasteisesti humaloitu, karamellimaltainen, hedelmäinen, mausteinen, hennon tervainen",
	"abvPercent": "6.6",
	"beerType": "ale",
	"pricePerLitre": "11.45 EUR",
	"packageType": "pullo",
	"manufacturer": "InBev",
	"ibuScale": "15.9 EBU",
	"platoScale": "15.4 &deg;P",
	"ebc": "14.4 EBC"
},
{
	"name": "Leffe Brune",
	"country": "Belgia",
	"imgUrl": "//cdn.alko.fi/ProductImages/Scaled/009115/product.jpg",
	"price": "3,89",
	"volume": "0.33l",
	"description": "Kastanjanruskea, runsasvaahtoinen, täyteläinen, keskiasteisesti humaloitu, paahtomaltainen, kevyen suklainen, lääkeyrttinen, vivahteikas",
	"abvPercent": "6.5",
	"beerType": "ale",
	"pricePerLitre": "11.48 EUR",
	"packageType": "pullo",
	"manufacturer": "InBev",
	"ibuScale": "19.0 EBU",
	"platoScale": "15.5 &deg;P",
	"ebc": "63.5 EBC"
},
{
	"name": "Left Hand Brewing Fade to Black Ale",
	"country": "Yhdysvallat",
	"imgUrl": "//cdn.alko.fi/ProductImages/Scaled/713084/product.jpg",
	"price": "4,99",
	"volume": "0.355l",
	"description": "Ruskeanmusta, täyteläinen, voimakkaasti humaloitu, paahtomaltainen, kuivahedelmäinen, tummasuklainen, hennon savuinen, vivahteikas",
	"abvPercent": "8.5",
	"beerType": "stout & porter",
	"pricePerLitre": "14.06 EUR",
	"packageType": "pullo",
	"manufacturer": "Left Hand Brewing",
	"ibuScale": "39.7 EBU",
	"platoScale": "18.1 &deg;P",
	"ebc": "210.0 EBC"
},
{
	"name": "Liefmans Goudenband",
	"country": "Belgia",
	"imgUrl": "//cdn.alko.fi/ProductImages/Scaled/706927/product.jpg",
	"price": "11,98",
	"volume": "0.75l",
	"description": "Kahvinruskea, keskitäyteläinen, miedosti humaloitu, runsaan sitruksinen, kevyen pähkinäinen, luumuinen, kevyen suklainen, hennon yrttinen, vivahteikas",
	"abvPercent": "8.0",
	"beerType": "erikoisuus",
	"pricePerLitre": "15.97 EUR",
	"packageType": "pullo",
	"manufacturer": "Liefmans Brouwerij",
	"ibuScale": "9.0 EBU",
	"platoScale": "18.0 &deg;P",
	"ebc": "70.0 EBC"
},
{
	"name": "Lindemans Blossom Gueuze",
	"country": "Belgia",
	"imgUrl": "//cdn.alko.fi/ProductImages/Scaled/744117/product.jpg",
	"price": "24,60",
	"volume": "0.75l",
	"description": "Kullankeltainen, täyteläinen, keskiasteisesti humaloitu, kypsän sitruksinen, vehnäinen, kevyen seljankukkainen, raikas",
	"abvPercent": "6.0",
	"beerType": "erikoisuus",
	"pricePerLitre": "32.8 EUR",
	"packageType": "pullo",
	"manufacturer": "Lindemans Brouwerij",
	"ibuScale": "15.0 EBU",
	"platoScale": "16.0 &deg;P",
	"ebc": "15.0 EBC"
},
{
	"name": "Lindemans Kriek",
	"country": "Belgia",
	"imgUrl": "//cdn.alko.fi/ProductImages/Scaled/798773/product.jpg",
	"price": "3,22",
	"volume": "0.25l",
	"description": "Helakanpunainen, keskitäyteläinen, miedosti humaloitu, hapokas, runsaan kirsikkainen, hedelmäinen, raikas",
	"abvPercent": "3.5",
	"beerType": "erikoisuus",
	"pricePerLitre": "12.48 EUR",
	"packageType": "pullo",
	"manufacturer": "Brewery Lindemans",
	"ibuScale": "13.1 EBU",
	"platoScale": "14.6 &deg;P",
	"ebc": "31.6 EBC"
},
{
	"name": "Linden Pi.La",
	"country": "Suomi",
	"imgUrl": "//cdn.alko.fi/ProductImages/Scaled/925396/product.jpg",
	"price": "5,34",
	"volume": "0.5l",
	"description": "Kullankeltainen, kevyt, keskiasteisesti humaloitu, mausteinen, sitruksinen",
	"abvPercent": "5.3",
	"beerType": "erikoisuus",
	"pricePerLitre": "10.68 EUR",
	"packageType": "pullo",
	"manufacturer": "Linden Brewery",
	"ibuScale": "43.4 EBU",
	"platoScale": "10.9 &deg;P",
	"ebc": "10.9 EBC"
},
{
	"name": "Litovel Premium  tölkki",
	"country": "Tsekki",
	"imgUrl": "//cdn.alko.fi/ProductImages/Scaled/726706/product.jpg",
	"price": "2,79",
	"volume": "0.5l",
	"description": "Kullankeltainen, keskitäyteläinen, keskiasteisesti humaloitu, kevyen hedelmäinen, hennon voinen, yrttinen",
	"abvPercent": "5.0",
	"beerType": "lager",
	"pricePerLitre": "5.28 EUR",
	"packageType": "tölkki",
	"manufacturer": "Pivovar Litovel",
	"ibuScale": "21.8 EBU",
	"platoScale": "11.7 &deg;P",
	"ebc": "12.3 EBC"
},
{
	"name": "Little Valley Python IPA",
	"country": "Englanti",
	"imgUrl": "//cdn.alko.fi/ProductImages/Scaled/700646/product.jpg",
	"price": "4,68",
	"volume": "0.5l",
	"description": "Kuparinruskea, täyteläinen, voimakkaasti humaloitu, hedelmäinen, pähkinäinen, kermainen, yrttinen, runsas",
	"abvPercent": "6.0",
	"beerType": "ale",
	"pricePerLitre": "9.16 EUR",
	"packageType": "pullo",
	"manufacturer": "Little Valley",
	"ibuScale": "42.6 EBU",
	"platoScale": "12.7 &deg;P",
	"ebc": "23.9 EBC"
},
{
	"name": "öllenaut Sesoon",
	"country": "Viro",
	"imgUrl": "//cdn.alko.fi/ProductImages/Scaled/957224/product.jpg",
	"price": "3,98",
	"volume": "0.33l",
	"description": "Kullankeltainen, samea, keskitäyteläinen, voimakkaasti humaloitu, mallaskeksinen, kevyen rukiinen, aprikoosinen, hennon mausteinen",
	"abvPercent": "5.3",
	"beerType": "erikoisuus",
	"pricePerLitre": "12.06 EUR",
	"packageType": "pullo",
	"manufacturer": "öllenaut",
	"ibuScale": "28.4 EBU",
	"platoScale": "10.5 &deg;P",
	"ebc": "18.6 EBC"
},
{
	"name": "Luostari Dubbel",
	"country": "Suomi",
	"imgUrl": "//cdn.alko.fi/ProductImages/Scaled/715004/product.jpg",
	"price": "3,40",
	"volume": "0.33l",
	"description": "Kuparinruskea, täyteläinen, keskiasteisesti humaloitu, hunajamaltainen, hedelmäinen, siirappinen, kevyen yrttinen, vivahteikas",
	"abvPercent": "7.5",
	"beerType": "ale",
	"pricePerLitre": "10.0 EUR",
	"packageType": "pullo",
	"manufacturer": "Saimaan Juomatehdas",
	"ibuScale": "18.6 EBU",
	"platoScale": "17.3 &deg;P",
	"ebc": "46.6 EBC"
},
{
	"name": "Lux Divina",
	"country": "Ranska",
	"imgUrl": "//cdn.alko.fi/ProductImages/Scaled/937714/product.jpg",
	"price": "4,98",
	"volume": "0.33l",
	"description": "Ruskeanmusta, samea, keskitäyteläinen, keskiasteisesti humaloitu, maltainen, mausteinen",
	"abvPercent": "7.0",
	"beerType": "ale",
	"pricePerLitre": "15.09 EUR",
	"packageType": "pullo",
	"manufacturer": "Les Brasseurs de Lorraine",
	"ibuScale": "34.0 EBU",
	"platoScale": "17.1 &deg;P",
	"ebc": "106.0 EBC"
},
{
	"name": "Magic Rock Cannonball India Pale Ale  tölkki",
	"country": "Englanti",
	"imgUrl": "//cdn.alko.fi/ProductImages/Scaled/740544/product.jpg",
	"price": "4,19",
	"volume": "0.33l",
	"description": "Kullankeltainen, samea, täyteläinen, erittäin voimakkaasti humaloitu, keksinen, greippinen, hedelmäinen, havuinen, raikas",
	"abvPercent": "7.4",
	"beerType": "ale",
	"pricePerLitre": "12.7 EUR",
	"packageType": "tölkki",
	"manufacturer": "Magic Rock Brewing",
	"ibuScale": "89.0 EBU",
	"platoScale": "15.6 &deg;P",
	"ebc": "24.0 EBC"
},
{
	"name": "Maisel's Weisse Original",
	"country": "Saksa",
	"imgUrl": "//cdn.alko.fi/ProductImages/Scaled/744266/product.jpg",
	"price": "3,93",
	"volume": "0.5l",
	"description": "Meripihkankeltainen, samea, runsasvaahtoinen, keskitäyteläinen, miedosti humaloitu, vehnäinen, kypsän hedelmäinen, hennon banaaninen, kevyen mausteinen",
	"abvPercent": "5.2",
	"beerType": "vehnäolut",
	"pricePerLitre": "7.66 EUR",
	"packageType": "pullo",
	"manufacturer": "Maisel",
	"ibuScale": "10.1 EBU",
	"platoScale": "11.9 &deg;P",
	"ebc": "21.2 EBC"
},
{
	"name": "Maku Black IPA  tölkki",
	"country": "Suomi",
	"imgUrl": "//cdn.alko.fi/ProductImages/Scaled/769064/product.jpg",
	"price": "3,97",
	"volume": "0.33l",
	"description": "Musta, samea, runsasvaahtoinen, keskitäyteläinen, voimakkaasti humaloitu, paahtomaltainen, kevyen suklainen, hennon kahvinen, paahteinen, yrttinen, pitkä",
	"abvPercent": "6.1",
	"beerType": "ale",
	"pricePerLitre": "11.58 EUR",
	"packageType": "tölkki",
	"manufacturer": "Maku Brewing",
	"ibuScale": "71.2 EBU",
	"platoScale": "14.0 &deg;P",
	"ebc": "126.0 EBC"
},
{
	"name": "Maku Brewing Double IPA",
	"country": "Suomi",
	"imgUrl": "//cdn.alko.fi/ProductImages/Scaled/745894/product.jpg",
	"price": "4,18",
	"volume": "0.33l",
	"description": "Vaaleanruskea, samea, täyteläinen, erittäin voimakkaasti humaloitu, karamellimaltainen, sitruksinen, kypsän aprikoosinen, yrttinen, pitkä",
	"abvPercent": "9.2",
	"beerType": "ale",
	"pricePerLitre": "12.36 EUR",
	"packageType": "pullo",
	"manufacturer": "Maku Brewing",
	"ibuScale": "112.0 EBU",
	"platoScale": "21.6 &deg;P",
	"ebc": "24.8 EBC"
},
{
	"name": "Maku Brewing IPA  tölkki",
	"country": "Suomi",
	"imgUrl": "//cdn.alko.fi/ProductImages/Scaled/716794/product.jpg",
	"price": "3,69",
	"volume": "0.33l",
	"description": "Pähkinänruskea, samea, täyteläinen, voimakkaasti humaloitu, karamellimaltainen, sitruksinen, luumuinen, yrttinen, tasapainoinen",
	"abvPercent": "7.3",
	"beerType": "ale",
	"pricePerLitre": "10.73 EUR",
	"packageType": "tölkki",
	"manufacturer": "Maku Brewing",
	"ibuScale": "72.9 EBU",
	"platoScale": "15.8 &deg;P",
	"ebc": "35.2 EBC"
},
{
	"name": "Maku Brewing Saison",
	"country": "Suomi",
	"imgUrl": "//cdn.alko.fi/ProductImages/Scaled/926594/product.jpg",
	"price": "4,20",
	"volume": "0.33l",
	"description": "Kinuskinruskea, samea, keskitäyteläinen, keskiasteisesti humaloitu, hedelmäinen, viljainen",
	"abvPercent": "6.0",
	"beerType": "erikoisuus",
	"pricePerLitre": "12.42 EUR",
	"packageType": "pullo",
	"manufacturer": "Maku Brewing",
	"ibuScale": "29.2 EBU",
	"platoScale": "12.7 &deg;P",
	"ebc": "14.7 EBC"
},
{
	"name": "Maku Brewing Weizenbock",
	"country": "Suomi",
	"imgUrl": "//cdn.alko.fi/ProductImages/Scaled/780364/product.jpg",
	"price": "4,60",
	"volume": "0.33l",
	"description": "Kuparinruskea, täyteläinen, miedosti humaloitu, karamellimaltainen, vehnäinen, kevyen siirappinen, hennon suklainen, paahteinen, mausteinen, runsas",
	"abvPercent": "7.6",
	"beerType": "vehnäolut",
	"pricePerLitre": "13.64 EUR",
	"packageType": "pullo",
	"manufacturer": "Maku Brewing",
	"ibuScale": "11.4 EBU",
	"platoScale": "17.8 &deg;P",
	"ebc": "133.0 EBC"
},
{
	"name": "Maku Imperial Stout  tölkki",
	"country": "Suomi",
	"imgUrl": "//cdn.alko.fi/ProductImages/Scaled/723144/product.jpg",
	"price": "4,74",
	"volume": "0.33l",
	"description": "Ruskeanmusta, samea, runsasvaahtoinen, täyteläinen, voimakkaasti humaloitu, paahtomaltainen, luumuinen, kahvinen, kevyen siirappinen, yrttinen",
	"abvPercent": "8.5",
	"beerType": "stout & porter",
	"pricePerLitre": "13.91 EUR",
	"packageType": "tölkki",
	"manufacturer": "Maku Brewing",
	"ibuScale": "78.2 EBU",
	"platoScale": "21.7 &deg;P",
	"ebc": "270.0 EBC"
},
{
	"name": "Maku Steam Lager  tölkki",
	"country": "Suomi",
	"imgUrl": "//cdn.alko.fi/ProductImages/Scaled/798734/product.jpg",
	"price": "3,60",
	"volume": "0.33l",
	"description": "Kullankeltainen, runsasvaahtoinen, keskitäyteläinen, keskiasteisesti humaloitu, kaurahiutaleinen, sitruksinen, raikas",
	"abvPercent": "5.2",
	"beerType": "erikoisuus",
	"pricePerLitre": "10.45 EUR",
	"packageType": "tölkki",
	"manufacturer": "Maku Brewing",
	"ibuScale": "31.8 EBU",
	"platoScale": "11.4 &deg;P",
	"ebc": "14.8 EBC"
},
{
	"name": "Mallaskosken Black Blueberry Wheat",
	"country": "Suomi",
	"imgUrl": "//cdn.alko.fi/ProductImages/Scaled/771534/product.jpg",
	"price": "4,49",
	"volume": "0.33l",
	"description": "Punaruskea, keskitäyteläinen, keskiasteisesti humaloitu, vehnäinen, hedelmätorttuinen, mustikkainen, sitruksinen, mausteinen, raikas",
	"abvPercent": "6.0",
	"beerType": "vehnäolut",
	"pricePerLitre": "13.3 EUR",
	"packageType": "pullo",
	"manufacturer": "Mallaskosken Panimo",
	"ibuScale": "28.3 EBU",
	"platoScale": "13.3 &deg;P",
	"ebc": "78.5 EBC"
},
{
	"name": "Mallaskosken Black Imperial Rye",
	"country": "Suomi",
	"imgUrl": "//cdn.alko.fi/ProductImages/Scaled/720264/product.jpg",
	"price": "5,97",
	"volume": "0.33l",
	"description": "Kahvinruskea, erittäin täyteläinen, voimakkaasti humaloitu, runsaan rukiinen, paahtomaltainen, siirappinen, hennon kahvinen, mausteinen, runsas",
	"abvPercent": "11.4",
	"beerType": "erikoisuus",
	"pricePerLitre": "17.79 EUR",
	"packageType": "pullo",
	"manufacturer": "Mallaskosken Panimo",
	"ibuScale": "46.7 EBU",
	"platoScale": "25.1 &deg;P",
	"ebc": "185.0 EBC"
},
{
	"name": "Mallaskosken Black Pils",
	"country": "Suomi",
	"imgUrl": "//cdn.alko.fi/ProductImages/Scaled/738434/product.jpg",
	"price": "3,49",
	"volume": "0.33l",
	"description": "Mustanruskea, keskitäyteläinen, keskiasteisesti humaloitu, paahtomaltainen, kahvinen, suklainen, kevyen toffeinen, mausteinen",
	"abvPercent": "5.5",
	"beerType": "pils",
	"pricePerLitre": "10.27 EUR",
	"packageType": "pullo",
	"manufacturer": "Mallaskosken Panimo",
	"ibuScale": "31.5 EBU",
	"platoScale": "12.5 &deg;P",
	"ebc": "125.0 EBC"
},
{
	"name": "Mallaskosken Panimo Black IPA",
	"country": "Suomi",
	"imgUrl": "//cdn.alko.fi/ProductImages/Scaled/723484/product.jpg",
	"price": "3,48",
	"volume": "0.33l",
	"description": "Tummanruskea, samea, täyteläinen, voimakkaasti humaloitu, paahtomaltainen, sitruksinen, mausteinen, kevyen yrttinen, vivahteikas",
	"abvPercent": "6.5",
	"beerType": "ale",
	"pricePerLitre": "10.24 EUR",
	"packageType": "pullo",
	"manufacturer": "Mallaskosken Panimo",
	"ibuScale": "49.2 EBU",
	"platoScale": "14.2 &deg;P",
	"ebc": "122.0 EBC"
},
{
	"name": "Mallaskuun Amber Ale",
	"country": "Suomi",
	"imgUrl": "//cdn.alko.fi/ProductImages/Scaled/915574/product.jpg",
	"price": "4,43",
	"volume": "0.33l",
	"description": "Meripihkanruskea, täyteläinen, voimakkaasti humaloitu, maltainen, havuinen, karamellinen",
	"abvPercent": "6.0",
	"beerType": "ale",
	"pricePerLitre": "13.42 EUR",
	"packageType": "pullo",
	"manufacturer": "Mallaskuun Panimo Oy",
	"ibuScale": "46.0 EBU",
	"platoScale": "14.0 &deg;P",
	"ebc": "45.0 EBC"
},
{
	"name": "Mallaskuun American Brown Ale",
	"country": "Suomi",
	"imgUrl": "//cdn.alko.fi/ProductImages/Scaled/908894/product.jpg",
	"price": "4,28",
	"volume": "0.33l",
	"description": "Mahonginruskea, keskitäyteläinen, erittäin voimakkaasti humaloitu, aromikas, hedelmäinen",
	"abvPercent": "6.0",
	"beerType": "ale",
	"pricePerLitre": "12.97 EUR",
	"packageType": "pullo",
	"manufacturer": "Mallaskuun Panimo",
	"ibuScale": "76.9 EBU",
	"platoScale": "13.8 &deg;P",
	"ebc": "74.3 EBC"
},
{
	"name": "Mallaskuun American Pale Ale",
	"country": "Suomi",
	"imgUrl": "//cdn.alko.fi/ProductImages/Scaled/931374/product.jpg",
	"price": "4,65",
	"volume": "0.33l",
	"description": "Kullankeltainen, keskitäyteläinen, erittäin voimakkaasti humaloitu, sitruksinen, maltainen, hedelmäinen",
	"abvPercent": "6.0",
	"beerType": "ale",
	"pricePerLitre": "14.09 EUR",
	"packageType": "pullo",
	"manufacturer": "Mallaskuun Panimo",
	"ibuScale": "93.0 EBU",
	"platoScale": "13.2 &deg;P",
	"ebc": "17.0 EBC"
},
{
	"name": "Mallaskuun Black IPA",
	"country": "Suomi",
	"imgUrl": "//cdn.alko.fi/ProductImages/Scaled/904384/product.jpg",
	"price": "5,23",
	"volume": "0.33l",
	"description": "Musta, täyteläinen, erittäin voimakkaasti humaloitu, aromikas, hedelmäinen, sitruksinen",
	"abvPercent": "7.0",
	"beerType": "ale",
	"pricePerLitre": "15.85 EUR",
	"packageType": "pullo",
	"manufacturer": "Mallaskuun Panimo",
	"ibuScale": "117.0 EBU",
	"platoScale": "16.1 &deg;P",
	"ebc": "139.0 EBC"
},
{
	"name": "Mallaskuun Top Hat Ale",
	"country": "Suomi",
	"imgUrl": "//cdn.alko.fi/ProductImages/Scaled/903774/product.jpg",
	"price": "3,96",
	"volume": "0.33l",
	"description": "Kullanruskea, keskitäyteläinen, voimakkaasti humaloitu, aromikas, hunajamaltainen",
	"abvPercent": "5.2",
	"beerType": "ale",
	"pricePerLitre": "12.0 EUR",
	"packageType": "pullo",
	"manufacturer": "Mallaskuun Panimo",
	"ibuScale": "53.8 EBU",
	"platoScale": "11.9 &deg;P",
	"ebc": "23.6 EBC"
},
{
	"name": "Malmgård Amarillo Tripel",
	"country": "Suomi",
	"imgUrl": "//cdn.alko.fi/ProductImages/Scaled/766556/product.jpg",
	"price": "5,97",
	"volume": "0.5l",
	"description": "Kullankeltainen, samea, täyteläinen, voimakkaasti humaloitu, keksinen, sitruksinen, kypsän hedelmäinen, kevyen greippinen, yrttinen, mausteinen, pitkä",
	"abvPercent": "9.0",
	"beerType": "ale",
	"pricePerLitre": "11.74 EUR",
	"packageType": "pullo",
	"manufacturer": "Malmgårdin Panimo",
	"ibuScale": "50.1 EBU",
	"platoScale": "18.3 &deg;P",
	"ebc": "14.6 EBC"
},
{
	"name": "Malmgård American Pale Ale",
	"country": "Suomi",
	"imgUrl": "//cdn.alko.fi/ProductImages/Scaled/792356/product.jpg",
	"price": "4,89",
	"volume": "0.5l",
	"description": "Vaaleanruskea, keskitäyteläinen, voimakkaasti humaloitu, viljainen, maltainen, sitruksinen, kevyen kuivahedelmäinen, hennon valkopippurinen, yrttinen",
	"abvPercent": "5.5",
	"beerType": "ale",
	"pricePerLitre": "9.58 EUR",
	"packageType": "pullo",
	"manufacturer": "Malmgårdin Panimo",
	"ibuScale": "54.3 EBU",
	"platoScale": "13.2 &deg;P",
	"ebc": "22.3 EBC"
},
{
	"name": "Malmgård Barley Wine",
	"country": "Suomi",
	"imgUrl": "//cdn.alko.fi/ProductImages/Scaled/739806/product.jpg",
	"price": "5,99",
	"volume": "0.5l",
	"description": "Mahonginruskea, erittäin täyteläinen, voimakkaasti humaloitu, karamellimaltainen, pähkinäinen, sitruksinen, portviinimäinen, mausteinen, pitkä",
	"abvPercent": "10.4",
	"beerType": "erikoisuus",
	"pricePerLitre": "11.78 EUR",
	"packageType": "pullo",
	"manufacturer": "Malmgårdin Panimo",
	"ibuScale": "52.7 EBU",
	"platoScale": "22.8 &deg;P",
	"ebc": "84.9 EBC"
},
{
	"name": "Malmgård Belge",
	"country": "Suomi",
	"imgUrl": "//cdn.alko.fi/ProductImages/Scaled/778466/product.jpg",
	"price": "5,40",
	"volume": "0.5l",
	"description": "Kastanjanruskea, samea, täyteläinen, voimakkaasti humaloitu, karamellimaltainen, kuivahedelmäinen, hennon hunajainen, kevyen mausteinen, vivahteikas",
	"abvPercent": "8.0",
	"beerType": "ale",
	"pricePerLitre": "10.6 EUR",
	"packageType": "pullo",
	"manufacturer": "Malmgårdin Panimo",
	"ibuScale": "33.9 EBU",
	"platoScale": "18.9 &deg;P",
	"ebc": "27.7 EBC"
},
{
	"name": "Malmgård Dinkel",
	"country": "Suomi",
	"imgUrl": "//cdn.alko.fi/ProductImages/Scaled/745446/product.jpg",
	"price": "4,99",
	"volume": "0.5l",
	"description": "Meripihkankeltainen, keskitäyteläinen, keskiasteisesti humaloitu, hedelmäinen, kevyen pähkinäinen, spelttivehnäinen, yrttinen",
	"abvPercent": "5.3",
	"beerType": "erikoisuus",
	"pricePerLitre": "9.78 EUR",
	"packageType": "pullo",
	"manufacturer": "Malmgårdin Panimo",
	"ibuScale": "26.4 EBU",
	"platoScale": "12.7 &deg;P",
	"ebc": "26.7 EBC"
},
{
	"name": "Malmgård Eldorado Brown Ale",
	"country": "Suomi",
	"imgUrl": "//cdn.alko.fi/ProductImages/Scaled/700246/product.jpg",
	"price": "4,98",
	"volume": "0.5l",
	"description": "Punaruskea, samea, runsasvaahtoinen, täyteläinen, voimakkaasti humaloitu, karamellimaltainen, luumuinen, tummasuklainen, mausteinen",
	"abvPercent": "6.0",
	"beerType": "ale",
	"pricePerLitre": "9.76 EUR",
	"packageType": "pullo",
	"manufacturer": "Malmgård",
	"ibuScale": "43.5 EBU",
	"platoScale": "14.4 &deg;P",
	"ebc": "65.8 EBC"
},
{
	"name": "Malmgård Emmer IPA",
	"country": "Suomi",
	"imgUrl": "//cdn.alko.fi/ProductImages/Scaled/792436/product.jpg",
	"price": "5,19",
	"volume": "0.5l",
	"description": "Kullanruskea, samea, runsasvaahtoinen, keskitäyteläinen, voimakkaasti humaloitu, mallaskeksinen, sitruksinen, yrttinen, tasapainoinen",
	"abvPercent": "6.2",
	"beerType": "ale",
	"pricePerLitre": "10.18 EUR",
	"packageType": "pullo",
	"manufacturer": "Malmgårdin Panimo",
	"ibuScale": "65.6 EBU",
	"platoScale": "14.0 &deg;P",
	"ebc": "16.9 EBC"
},
{
	"name": "Malmgård Emmer Tripel",
	"country": "Suomi",
	"imgUrl": "//cdn.alko.fi/ProductImages/Scaled/940096/product.jpg",
	"price": "5,49",
	"volume": "0.5l",
	"description": "Kullankeltainen, täyteläinen, keskiasteisesti humaloitu, maltainen, sitruksinen, hedelmäinen, ruohoinen",
	"abvPercent": "8.3",
	"beerType": "ale",
	"pricePerLitre": "10.78 EUR",
	"packageType": "pullo",
	"manufacturer": "Malmgårdin Panimo",
	"ibuScale": "30.4 EBU",
	"platoScale": "18.4 &deg;P",
	"ebc": "15.7 EBC"
},
{
	"name": "Malmgård X-Porter",
	"country": "Suomi",
	"imgUrl": "//cdn.alko.fi/ProductImages/Scaled/708146/product.jpg",
	"price": "5,20",
	"volume": "0.5l",
	"description": "Ruskeanmusta, runsasvaahtoinen, erittäin täyteläinen, voimakkaasti humaloitu, suklaamaltainen, kaakaoinen, paahteinen, mausteinen, runsas, tasapainoinen",
	"abvPercent": "7.0",
	"beerType": "stout & porter",
	"pricePerLitre": "10.2 EUR",
	"packageType": "pullo",
	"manufacturer": "Malmgårdin Panimo",
	"ibuScale": "49.8 EBU",
	"platoScale": "17.5 &deg;P",
	"ebc": "152.0 EBC"
},
{
	"name": "Maredsous Blonde",
	"country": "Belgia",
	"imgUrl": "//cdn.alko.fi/ProductImages/Scaled/707064/product.jpg",
	"price": "2,98",
	"volume": "0.33l",
	"description": "Oljenkeltainen, samea, runsasvaahtoinen, keskitäyteläinen, keskiasteisesti humaloitu, makean maltainen, hedelmäinen, kermainen, hennon yrttinen, tasapainoinen",
	"abvPercent": "6.0",
	"beerType": "ale",
	"pricePerLitre": "8.73 EUR",
	"packageType": "pullo",
	"manufacturer": "Abbaye de Maredsous",
	"ibuScale": "21.2 EBU",
	"platoScale": "14.0 &deg;P",
	"ebc": "14.0 EBC"
},
{
	"name": "Maredsous Tripel",
	"country": "Belgia",
	"imgUrl": "//cdn.alko.fi/ProductImages/Scaled/760954/product.jpg",
	"price": "3,97",
	"volume": "0.33l",
	"description": "Meripihkanruskea, samea, täyteläinen, keskiasteisesti humaloitu, karamellimaltainen, kuivahedelmäinen, kypsän sitruksinen, kinuskinen, hennon paahteinen, aromikas",
	"abvPercent": "10.0",
	"beerType": "ale",
	"pricePerLitre": "11.73 EUR",
	"packageType": "pullo",
	"manufacturer": "Abbaye de Maredsous",
	"ibuScale": "18.5 EBU",
	"platoScale": "19.8 &deg;P",
	"ebc": "27.6 EBC"
},
{
	"name": "Marsalkka Vaalea Luomu  tölkki",
	"country": "Suomi",
	"imgUrl": "//cdn.alko.fi/ProductImages/Scaled/732736/product.jpg",
	"price": "3,28",
	"volume": "0.5l",
	"description": "Kullankeltainen, keskitäyteläinen, keskiasteisesti humaloitu, maltainen, hedelmäinen, yrttinen, tasapainoinen",
	"abvPercent": "5.2",
	"beerType": "lager",
	"pricePerLitre": "6.26 EUR",
	"packageType": "tölkki",
	"manufacturer": "Saimaan Juomatehdas",
	"ibuScale": "26.4 EBU",
	"platoScale": "11.9 &deg;P",
	"ebc": "17.1 EBC"
},
{
	"name": "Marsalkka Vahva Luomu  tölkki",
	"country": "Suomi",
	"imgUrl": "//cdn.alko.fi/ProductImages/Scaled/722086/product.jpg",
	"price": "3,66",
	"volume": "0.5l",
	"description": "Meripihkankeltainen, täyteläinen, keskiasteisesti humaloitu, maltainen, pähkinäinen, hedelmäinen, yrttinen, runsas",
	"abvPercent": "8.2",
	"beerType": "vahva lager",
	"pricePerLitre": "7.02 EUR",
	"packageType": "tölkki",
	"manufacturer": "Saimaan Juomatehdas",
	"ibuScale": "27.8 EBU",
	"platoScale": "18.2 &deg;P",
	"ebc": "26.4 EBC"
},
{
	"name": "Mateo & Bernabe and friends 11 Bernabe",
	"country": "Espanja",
	"imgUrl": "//cdn.alko.fi/ProductImages/Scaled/711226/product.jpg",
	"price": "10,11",
	"volume": "0.5l",
	"description": "Kullankeltainen, samea, keskitäyteläinen, keskiasteisesti humaloitu, vehnäinen, sitruksinen, kevyen aprikoosinen, yrttinen",
	"abvPercent": "6.0",
	"beerType": "ale",
	"pricePerLitre": "20.22 EUR",
	"packageType": "pullo",
	"manufacturer": "Mateo y Bernabe Alimentos Artesanos",
	"ibuScale": "28.0 EBU",
	"ebc": "10.0 EBC"
},
{
	"name": "Mateo & Bernabe and friends 21 Mateo",
	"country": "Espanja",
	"imgUrl": "//cdn.alko.fi/ProductImages/Scaled/708886/product.jpg",
	"price": "10,11",
	"volume": "0.5l",
	"description": "Sitruunankeltainen, samea, kevyt, miedosti humaloitu, kevyen keksinen, vehnäinen, hennon sitruksinen, raikas",
	"abvPercent": "5.6",
	"beerType": "vehnäolut",
	"pricePerLitre": "20.22 EUR",
	"packageType": "pullo",
	"manufacturer": "Mateo y Bernabe Alimentos Artesanos",
	"ibuScale": "12.0 EBU",
	"ebc": "8.0 EBC"
},
{
	"name": "Mateo & Bernabe and friends 25 Santiago",
	"country": "Espanja",
	"imgUrl": "//cdn.alko.fi/ProductImages/Scaled/759536/product.jpg",
	"price": "10,11",
	"volume": "0.5l",
	"description": "Meripihkanruskea, samea, runsasvaahtoinen, täyteläinen, keskiasteisesti humaloitu, karamellimaltainen, kuivahedelmäinen, kevyen siirappinen, hennon paahteinen, mausteinen, vivahteikas",
	"abvPercent": "7.5",
	"beerType": "ale",
	"pricePerLitre": "20.22 EUR",
	"packageType": "pullo",
	"manufacturer": "Mateo y Bernabe Alimentos Artesanos",
	"ibuScale": "26.0 EBU",
	"ebc": "34.0 EBC"
},
{
	"name": "Mateo & Bernabe Little Bichos Manta",
	"country": "Espanja",
	"imgUrl": "//cdn.alko.fi/ProductImages/Scaled/927884/product.jpg",
	"price": "4,92",
	"volume": "0.33l",
	"description": "Kullanruskea, samea, runsasvaahtoinen, täyteläinen, voimakkaasti humaloitu, sitruksinen, maltainen, hedelmäinen",
	"abvPercent": "7.0",
	"beerType": "ale",
	"pricePerLitre": "14.91 EUR",
	"packageType": "pullo",
	"manufacturer": "Mateo & Bernabe",
	"ibuScale": "65.0 EBU",
	"platoScale": "16.0 &deg;P",
	"ebc": "33.0 EBC"
},
{
	"name": "Mathildedalin Kyläpanimo Kevät",
	"country": "Suomi",
	"imgUrl": "//cdn.alko.fi/ProductImages/Scaled/710274/product.jpg",
	"price": "4,89",
	"volume": "0.33l",
	"description": "Sitruunankeltainen, samea, keskitäyteläinen, keskiasteisesti humaloitu, sitruksinen, herukanlehtinen, kevyen yrttinen, raikas",
	"abvPercent": "5.5",
	"beerType": "erikoisuus",
	"pricePerLitre": "14.82 EUR",
	"packageType": "pullo",
	"manufacturer": "Mathildedalin Kyläpanimo",
	"ibuScale": "15.2 EBU",
	"platoScale": "11.8 &deg;P",
	"ebc": "11.9 EBC"
},
{
	"name": "Mathildedalin Kyläpanimo Pirske",
	"country": "Suomi",
	"imgUrl": "//cdn.alko.fi/ProductImages/Scaled/762474/product.jpg",
	"price": "4,98",
	"volume": "0.33l",
	"description": "Keltainen, samea, runsasvaahtoinen, keskitäyteläinen, keskiasteisesti humaloitu, sitruksinen, banaaninen, kevyen korianterinen, mausteinen, raikas",
	"abvPercent": "6.9",
	"beerType": "ale",
	"pricePerLitre": "15.09 EUR",
	"packageType": "pullo",
	"manufacturer": "Mathildedalin Kyläpanimo",
	"ibuScale": "16.7 EBU",
	"platoScale": "14.2 &deg;P",
	"ebc": "11.3 EBC"
},
{
	"name": "Mathildedalin Kyläpanimo Seppä",
	"country": "Suomi",
	"imgUrl": "//cdn.alko.fi/ProductImages/Scaled/787564/product.jpg",
	"price": "4,99",
	"volume": "0.33l",
	"description": "Musta, samea, runsasvaahtoinen, keskitäyteläinen, keskiasteisesti humaloitu, paahtomaltainen, kahvinen, kevyen tummasuklainen, hennon mausteinen",
	"abvPercent": "7.0",
	"beerType": "stout & porter",
	"pricePerLitre": "15.12 EUR",
	"packageType": "pullo",
	"manufacturer": "Mathildedalin Kyläpanimo",
	"ibuScale": "34.4 EBU",
	"platoScale": "15.4 &deg;P",
	"ebc": "256.0 EBC"
},
{
	"name": "Mathildedalin Teijo IPA",
	"country": "Suomi",
	"imgUrl": "//cdn.alko.fi/ProductImages/Scaled/779034/product.jpg",
	"price": "5,00",
	"volume": "0.33l",
	"description": "Meripihkanruskea, keskitäyteläinen, voimakkaasti humaloitu, karamellimaltainen, sitruksinen, mausteinen, hennon kukkainen, tasapainoinen",
	"abvPercent": "6.9",
	"beerType": "ale",
	"pricePerLitre": "15.15 EUR",
	"packageType": "pullo",
	"manufacturer": "Mathildedalin Kyläpanimo",
	"ibuScale": "54.2 EBU",
	"platoScale": "15.1 &deg;P",
	"ebc": "37.7 EBC"
},
{
	"name": "Mikkeller Beer Geek Limfjordsporter",
	"country": "Tanska",
	"imgUrl": "//cdn.alko.fi/ProductImages/Scaled/713574/product.jpg",
	"price": "6,59",
	"volume": "0.33l",
	"description": "Ruskeanmusta, runsasvaahtoinen, täyteläinen, voimakkaasti humaloitu, paahtomaltainen, espressomainen, mausteinen, pitkä",
	"abvPercent": "7.7",
	"beerType": "stout & porter",
	"pricePerLitre": "19.97 EUR",
	"packageType": "pullo",
	"manufacturer": "Mikkeller",
	"ibuScale": "46.6 EBU",
	"platoScale": "17.3 &deg;P",
	"ebc": "154.0 EBC"
},
{
	"name": "Mikkeller Nelson Sauvin Brut Champagne Barrels",
	"country": "Tanska",
	"imgUrl": "//cdn.alko.fi/ProductImages/Scaled/912507/product.jpg",
	"price": "32,96",
	"volume": "0.75l",
	"description": "Kellertävä, samea, keskitäyteläinen, voimakkaasti humaloitu, hapanomenainen, yrttinen",
	"abvPercent": "9.0",
	"beerType": "erikoisuus",
	"pricePerLitre": "43.95 EUR",
	"packageType": "pullo",
	"manufacturer": "Mikkeller",
	"ibuScale": "99.0 EBU",
	"platoScale": "18.6 &deg;P",
	"ebc": "28.0 EBC"
},
{
	"name": "Mikkeller Porter",
	"country": "Tanska",
	"imgUrl": "//cdn.alko.fi/ProductImages/Scaled/779524/product.jpg",
	"price": "4,99",
	"volume": "0.33l",
	"description": "Mustanruskea, runsasvaahtoinen, täyteläinen, voimakkaasti humaloitu, suklaamaltainen, savukinkkuinen, kahvinen, kevyen yrttinen, mausteinen",
	"abvPercent": "8.0",
	"beerType": "stout & porter",
	"pricePerLitre": "14.82 EUR",
	"packageType": "pullo",
	"manufacturer": "Mikkeller",
	"ibuScale": "72.3 EBU",
	"platoScale": "20.9 &deg;P",
	"ebc": "522.0 EBC"
},
{
	"name": "Mikkeller Vesterbro Brown Ale",
	"country": "Tanska",
	"imgUrl": "//cdn.alko.fi/ProductImages/Scaled/720544/product.jpg",
	"price": "3,48",
	"volume": "0.33l",
	"description": "Meripihkanruskea, keskitäyteläinen, voimakkaasti humaloitu, mallaskeksinen, pähkinäinen, kuivahedelmäinen, mausteinen, runsas",
	"abvPercent": "5.0",
	"beerType": "ale",
	"pricePerLitre": "10.24 EUR",
	"packageType": "pullo",
	"manufacturer": "Mikkeller",
	"ibuScale": "43.2 EBU",
	"platoScale": "15.0 &deg;P",
	"ebc": "68.1 EBC"
},
{
	"name": "Moa Imperial Stout",
	"country": "Uusi-Seelanti",
	"imgUrl": "//cdn.alko.fi/ProductImages/Scaled/786986/product.jpg",
	"price": "7,91",
	"volume": "0.5l",
	"description": "Musta, samea, runsasvaahtoinen, täyteläinen, voimakkaasti humaloitu, suklaamaltainen, kypsän luumuinen, lakritsinen, mokkainen, vivahteikas, runsas",
	"abvPercent": "10.2",
	"beerType": "stout & porter",
	"pricePerLitre": "15.82 EUR",
	"packageType": "pullo",
	"manufacturer": "Moa Brewing",
	"ibuScale": "80.0 EBU",
	"platoScale": "21.5 &deg;P",
	"ebc": "220.0 EBC"
},
{
	"name": "Moa St. Josephs",
	"country": "Uusi-Seelanti",
	"imgUrl": "//cdn.alko.fi/ProductImages/Scaled/716276/product.jpg",
	"price": "7,90",
	"volume": "0.5l",
	"description": "Meripihkankeltainen, samea, täyteläinen, keskiasteisesti humaloitu, hunajamaltainen, runsaan hedelmäinen, kevyen kermatoffeinen, neilikkainen, yrttinen, raikas.",
	"abvPercent": "9.5",
	"beerType": "ale",
	"pricePerLitre": "15.8 EUR",
	"packageType": "pullo",
	"manufacturer": "Moa Brewing",
	"ibuScale": "73.1 EBU",
	"platoScale": "18.9 &deg;P",
	"ebc": "10.0 EBC"
},
{
	"name": "Mohawk Kellerbier",
	"country": "Ruotsi",
	"imgUrl": "//cdn.alko.fi/ProductImages/Scaled/760264/product.jpg",
	"price": "3,98",
	"volume": "0.33l",
	"description": "Meripihkankeltainen, samea, keskitäyteläinen, keskiasteisesti humaloitu, sitruksinen, yrttinen, pitkä",
	"abvPercent": "5.3",
	"beerType": "erikoisuus",
	"pricePerLitre": "11.76 EUR",
	"packageType": "pullo",
	"manufacturer": "Mohawk Brewing",
	"ibuScale": "38.8 EBU",
	"platoScale": "12.5 &deg;P",
	"ebc": "19.8 EBC"
},
{
	"name": "Mongozo Premium Pilsener",
	"country": "Belgia",
	"imgUrl": "//cdn.alko.fi/ProductImages/Scaled/701034/product.jpg",
	"price": "3,50",
	"volume": "0.33l",
	"description": "Vaaleankeltainen, kevyt, keskiasteisesti humaloitu, riisimuroinen, yrttinen, kevyen sitruksinen",
	"abvPercent": "5.0",
	"beerType": "pils",
	"pricePerLitre": "10.3 EUR",
	"packageType": "pullo",
	"manufacturer": "Huyghe Brewery",
	"ibuScale": "15.7 EBU",
	"platoScale": "11.6 &deg;P",
	"ebc": "7.2 EBC"
},
{
	"name": "Moritz",
	"country": "Espanja",
	"imgUrl": "//cdn.alko.fi/ProductImages/Scaled/947634/product.jpg",
	"price": "2,94",
	"volume": "0.33l",
	"description": "Kellertävä, keskitäyteläinen, miedosti humaloitu, maltainen, leipäinen",
	"abvPercent": "5.4",
	"beerType": "lager",
	"pricePerLitre": "8.91 EUR",
	"packageType": "pullo",
	"manufacturer": "Cerveses Moritz S.A.",
	"ibuScale": "23.0 EBU",
	"platoScale": "12.8 &deg;P",
	"ebc": "6.0 EBC"
},
{
	"name": "Mufloni Cascade Black Ale",
	"country": "Suomi",
	"imgUrl": "//cdn.alko.fi/ProductImages/Scaled/733314/product.jpg",
	"price": "3,70",
	"volume": "0.33l",
	"description": "Kuparinruskea, runsasvaahtoinen, keskitäyteläinen, voimakkaasti humaloitu, paahtomaltainen, tummasuklainen, palanut, kevyen mausteinen",
	"abvPercent": "6.0",
	"beerType": "ale",
	"pricePerLitre": "10.91 EUR",
	"packageType": "pullo",
	"manufacturer": "Panimoravintola Beer Hunter's",
	"ibuScale": "90.3 EBU",
	"platoScale": "15.3 &deg;P",
	"ebc": "150.0 EBC"
},
{
	"name": "Mufloni CCCCC IPA",
	"country": "Suomi",
	"imgUrl": "//cdn.alko.fi/ProductImages/Scaled/710296/product.jpg",
	"price": "4,79",
	"volume": "0.5l",
	"description": "Meripihkanruskea, täyteläinen, erittäin voimakkaasti humaloitu, karamellimaltainen, sitruksinen, lääkeyrttinen, havuinen, vivahteikas",
	"abvPercent": "7.0",
	"beerType": "ale",
	"pricePerLitre": "9.58 EUR",
	"packageType": "pullo",
	"manufacturer": "Beer Hunter's",
	"ibuScale": "100.0 EBU",
	"platoScale": "17.4 &deg;P",
	"ebc": "63.9 EBC"
},
{
	"name": "Mufloni CCCCC IPA",
	"country": "Suomi",
	"imgUrl": "//cdn.alko.fi/ProductImages/Scaled/783206/product.jpg",
	"price": "4,79",
	"volume": "0.5l",
	"description": "Meripihkanruskea, täyteläinen, erittäin voimakkaasti humaloitu, karamellimaltainen, sitruksinen, lääkeyrttinen, havuinen, vivahteikas",
	"abvPercent": "7.0",
	"beerType": "ale",
	"pricePerLitre": "9.38 EUR",
	"packageType": "pullo",
	"manufacturer": "Panimoravintola Beerhunter's",
	"ibuScale": "87.5 EBU",
	"platoScale": "16.1 &deg;P",
	"ebc": "60.8 EBC"
},
{
	"name": "Mufloni DIPA",
	"country": "Suomi",
	"imgUrl": "//cdn.alko.fi/ProductImages/Scaled/728164/product.jpg",
	"price": "3,39",
	"volume": "0.33l",
	"description": "Vaaleanruskea, samea, täyteläinen, voimakkaasti humaloitu, hedelmätorttuinen, hunajamaltainen, kevyen pomeranssinen, yrttinen, runsas",
	"abvPercent": "9.0",
	"beerType": "ale",
	"pricePerLitre": "9.97 EUR",
	"packageType": "pullo",
	"manufacturer": "Beer Hunter's",
	"ibuScale": "93.8 EBU",
	"platoScale": "21.2 &deg;P",
	"ebc": "43.9 EBC"
},
{
	"name": "Mufloni Doppelapfel Weizenbock",
	"country": "Suomi",
	"imgUrl": "//cdn.alko.fi/ProductImages/Scaled/719586/product.jpg",
	"price": "5,98",
	"volume": "0.5l",
	"description": "Kinuskinruskea, samea, keskitäyteläinen, voimakkaasti humaloitu, karamellimaltainen, omenatorttuinen, kanelinen, kevyen muskottinen, aromikas",
	"abvPercent": "9.0",
	"beerType": "vehnäolut",
	"pricePerLitre": "11.76 EUR",
	"packageType": "pullo",
	"manufacturer": "Panimoravintola BeerHunter's",
	"ibuScale": "45.6 EBU",
	"platoScale": "22.3 &deg;P",
	"ebc": "34.8 EBC"
},
{
	"name": "Mufloni Mandariini IPA",
	"country": "Suomi",
	"imgUrl": "//cdn.alko.fi/ProductImages/Scaled/760214/product.jpg",
	"price": "3,99",
	"volume": "0.33l",
	"description": "Sitruunankeltainen, samea, täyteläinen, voimakkaasti humaloitu, hedelmäinen, mandariininen, kevyen karamellinen, mausteinen",
	"abvPercent": "6.5",
	"beerType": "ale",
	"pricePerLitre": "11.79 EUR",
	"packageType": "pullo",
	"manufacturer": "Beerhunter's",
	"ibuScale": "36.0 EBU",
	"platoScale": "14.7 &deg;P",
	"ebc": "19.9 EBC"
},
{
	"name": "Mufloni Muflonator",
	"country": "Suomi",
	"imgUrl": "//cdn.alko.fi/ProductImages/Scaled/745204/product.jpg",
	"price": "3,70",
	"volume": "0.33l",
	"description": "Mustanruskea, täyteläinen, keskiasteisesti humaloitu, paahtomaltainen, ruisleipäinen, tummasuklainen, kevyen yrttinen, runsas",
	"abvPercent": "6.5",
	"beerType": "vahva lager",
	"pricePerLitre": "10.91 EUR",
	"packageType": "pullo",
	"manufacturer": "Panimoravintola Beer Hunter's",
	"ibuScale": "27.1 EBU",
	"platoScale": "15.9 &deg;P",
	"ebc": "163.0 EBC"
},
{
	"name": "Mufloni Saison de Randonneur",
	"country": "Suomi",
	"imgUrl": "//cdn.alko.fi/ProductImages/Scaled/761964/product.jpg",
	"price": "3,95",
	"volume": "0.33l",
	"description": "Kullankeltainen, samea, keskitäyteläinen, keskiasteisesti humaloitu, sitruksinen, veriappelsiininen, kypsän keltaluumuinen, yrttinen",
	"abvPercent": "6.0",
	"beerType": "erikoisuus",
	"pricePerLitre": "11.67 EUR",
	"packageType": "pullo",
	"manufacturer": "Panimoravintola Beer Hunter's",
	"ibuScale": "25.5 EBU",
	"platoScale": "11.2 &deg;P",
	"ebc": "10.2 EBC"
},
{
	"name": "Mufloni Säppi APA",
	"country": "Suomi",
	"imgUrl": "//cdn.alko.fi/ProductImages/Scaled/767054/product.jpg",
	"price": "3,58",
	"volume": "0.33l",
	"description": "Kuparinruskea, samea, täyteläinen, voimakkaasti humaloitu, greippinen, kinuskinen, kukkainen, valkopippurinen",
	"abvPercent": "6.0",
	"beerType": "ale",
	"pricePerLitre": "10.55 EUR",
	"packageType": "pullo",
	"manufacturer": "Panimoravintola Beer Hunter's",
	"ibuScale": "72.6 EBU",
	"platoScale": "12.9 &deg;P",
	"ebc": "28.9 EBC"
},
{
	"name": "Munkebo Megingjord Barley Wine",
	"country": "Tanska",
	"imgUrl": "//cdn.alko.fi/ProductImages/Scaled/706524/product.jpg",
	"price": "5,45",
	"volume": "0.33l",
	"description": "Kastanjanruskea, täyteläinen, keskiasteisesti humaloitu, karamellimaltainen, kuivahedelmäinen, siirappinen, kevyen kirsikkainen, hennon suklainen, mausteinen, pehmeä",
	"abvPercent": "9.4",
	"beerType": "erikoisuus",
	"pricePerLitre": "16.52 EUR",
	"packageType": "pullo",
	"manufacturer": "Munkebo Mikrobryg",
	"ibuScale": "20.5 EBU",
	"platoScale": "21.9 &deg;P",
	"ebc": "79.3 EBC"
},
{
	"name": "Munkebo Sif Belgian Tripel",
	"country": "Tanska",
	"imgUrl": "//cdn.alko.fi/ProductImages/Scaled/724124/product.jpg",
	"price": "5,25",
	"volume": "0.33l",
	"description": "Oljenkeltainen, samea, täyteläinen, keskiasteisesti humaloitu, hunajamaltainen, hedelmätorttuinen, kevyen sitruksinen, hennon siirappinen, mausteinen, aromikas",
	"abvPercent": "9.4",
	"beerType": "ale",
	"pricePerLitre": "15.91 EUR",
	"packageType": "pullo",
	"manufacturer": "Munkebo Mikrobryg",
	"ibuScale": "34.2 EBU",
	"platoScale": "22.0 &deg;P",
	"ebc": "16.4 EBC"
},
{
	"name": "Mustan Virran Panimo Neito Golden Ale",
	"country": "Suomi",
	"imgUrl": "//cdn.alko.fi/ProductImages/Scaled/958374/product.jpg",
	"price": "4,97",
	"volume": "0.33l",
	"description": "Keltainen, samea, keskitäyteläinen, keskiasteisesti humaloitu, viljainen, hedelmäinen",
	"abvPercent": "4.7",
	"beerType": "ale",
	"pricePerLitre": "15.06 EUR",
	"packageType": "pullo",
	"manufacturer": "Mustan Virran Panimo",
	"ibuScale": "17.4 EBU",
	"platoScale": "9.2 &deg;P",
	"ebc": "8.5 EBC"
},
{
	"name": "Mustan Virran Panimo Pässi IPA",
	"country": "Suomi",
	"imgUrl": "//cdn.alko.fi/ProductImages/Scaled/956414/product.jpg",
	"price": "4,97",
	"volume": "0.33l",
	"description": "Kuparinruskea, samea, voimakkaasti humaloitu, maltainen, hedelmäinen, mausteinen",
	"abvPercent": "4.7",
	"beerType": "ale",
	"pricePerLitre": "15.06 EUR",
	"packageType": "pullo",
	"manufacturer": "Mustan Virran Panimo",
	"ibuScale": "36.7 EBU",
	"platoScale": "9.2 &deg;P",
	"ebc": "19.6 EBC"
},
{
	"name": "Mustan Virran Panimo St. Olaf Pale Ale",
	"country": "Suomi",
	"imgUrl": "//cdn.alko.fi/ProductImages/Scaled/957104/product.jpg",
	"price": "4,98",
	"volume": "0.33l",
	"description": "Keltainen, samea, keskitäyteläinen, viljainen, hedelmäinen, mausteinen",
	"abvPercent": "4.5",
	"beerType": "ale",
	"pricePerLitre": "15.09 EUR",
	"packageType": "pullo",
	"manufacturer": "Mustan Virran Panimo",
	"ibuScale": "27.6 EBU",
	"platoScale": "10.0 &deg;P",
	"ebc": "14.2 EBC"
},
{
	"name": "Mustan Virran Pistolekors Porter",
	"country": "Suomi",
	"imgUrl": "//cdn.alko.fi/ProductImages/Scaled/709794/product.jpg",
	"price": "6,46",
	"volume": "0.33l",
	"description": "Ruskeanmusta, samea, täyteläinen, keskiasteisesti humaloitu, paahtomaltainen, luumuinen, kevyen suklainen, hennon mokkainen, mausteinen, pehmeä",
	"abvPercent": "7.0",
	"beerType": "stout & porter",
	"pricePerLitre": "19.58 EUR",
	"packageType": "pullo",
	"manufacturer": "Mustan Virran Panimo",
	"ibuScale": "17.2 EBU",
	"platoScale": "14.8 &deg;P",
	"ebc": "79.2 EBC"
},
{
	"name": "Nazionale",
	"country": "Italia",
	"imgUrl": "//cdn.alko.fi/ProductImages/Scaled/953614/product.jpg",
	"price": "4,99",
	"volume": "0.33l",
	"description": "Meripihkankeltainen, samea, runsasvaahtoinen, keskitäyteläinen, voimakkaasti humaloitu, hedelmäinen, mausteinen",
	"abvPercent": "6.5",
	"beerType": "ale",
	"pricePerLitre": "15.12 EUR",
	"packageType": "pullo",
	"manufacturer": "Baladin",
	"ibuScale": "33.0 EBU",
	"platoScale": "13.6 &deg;P",
	"ebc": "13.0 EBC"
},
{
	"name": "Neuzeller Bock",
	"country": "Saksa",
	"imgUrl": "//cdn.alko.fi/ProductImages/Scaled/744286/product.jpg",
	"price": "3,28",
	"volume": "0.5l",
	"description": "Kullanruskea, täyteläinen, keskiasteisesti humaloitu, makean maltainen, muroinen, hunajainen, hennon yrttinen",
	"abvPercent": "6.2",
	"beerType": "vahva lager",
	"pricePerLitre": "6.36 EUR",
	"packageType": "pullo",
	"manufacturer": "Klosterbrauerei Neuzelle",
	"ibuScale": "13.9 EBU",
	"platoScale": "16.0 &deg;P",
	"ebc": "18.9 EBC"
},
{
	"name": "Neuzeller Ginger Bier",
	"country": "Saksa",
	"imgUrl": "//cdn.alko.fi/ProductImages/Scaled/901226/product.jpg",
	"price": "3,69",
	"volume": "0.5l",
	"description": "Meripihkankeltainen, keskitäyteläinen, miedosti humaloitu, inkiväärinen, hunajainen",
	"abvPercent": "3.6",
	"beerType": "erikoisuus",
	"pricePerLitre": "7.18 EUR",
	"packageType": "pullo",
	"manufacturer": "Klosterbrauerei Neuzelle",
	"ibuScale": "16.0 EBU",
	"platoScale": "13.0 &deg;P",
	"ebc": "11.0 EBC"
},
{
	"name": "Neuzeller Kirsch Bier",
	"country": "Saksa",
	"imgUrl": "//cdn.alko.fi/ProductImages/Scaled/725696/product.jpg",
	"price": "3,68",
	"volume": "0.5l",
	"description": "Kirsikanpunainen, keskitäyteläinen, miedosti humaloitu, hedelmäinen, kirsikkahilloinen, puolukkainen, pehmeä",
	"abvPercent": "4.8",
	"beerType": "erikoisuus",
	"pricePerLitre": "7.16 EUR",
	"packageType": "pullo",
	"manufacturer": "Klosterbrauerei Neuzelle",
	"ibuScale": "10.4 EBU",
	"platoScale": "17.6 &deg;P",
	"ebc": "34.5 EBC"
},
{
	"name": "Nogne o Batch 100",
	"country": "Norja",
	"imgUrl": "//cdn.alko.fi/ProductImages/Scaled/725936/product.jpg",
	"price": "9,52",
	"volume": "0.5l",
	"description": "Kastanjanruskea, samea, erittäin täyteläinen, erittäin voimakkaasti humaloitu, paahtomaltainen, luumuinen, havuinen, kevyen mokkainen, runsas",
	"abvPercent": "10.0",
	"beerType": "erikoisuus",
	"pricePerLitre": "18.84 EUR",
	"packageType": "pullo",
	"manufacturer": "Nogne o",
	"ibuScale": "66.6 EBU",
	"platoScale": "22.2 &deg;P",
	"ebc": "87.2 EBC"
},
{
	"name": "Nogne o Imperial Rye Porter",
	"country": "Norja",
	"imgUrl": "//cdn.alko.fi/ProductImages/Scaled/767456/product.jpg",
	"price": "8,98",
	"volume": "0.5l",
	"description": "Mustanruskea, erittäin täyteläinen, voimakkaasti humaloitu, suklaamaltainen, rukiinen, luumuinen, siirappinen, kevyen appelsiininkuorinen, mausteinen, runsas",
	"abvPercent": "9.0",
	"beerType": "stout & porter",
	"pricePerLitre": "17.76 EUR",
	"packageType": "pullo",
	"manufacturer": "Nogne o",
	"ibuScale": "39.7 EBU",
	"platoScale": "21.3 &deg;P",
	"ebc": "242.0 EBC"
},
{
	"name": "Nogne o India Pale Ale",
	"country": "Norja",
	"imgUrl": "//cdn.alko.fi/ProductImages/Scaled/738966/product.jpg",
	"price": "7,51",
	"volume": "0.5l",
	"description": "Kinuskinruskea, samea, täyteläinen, voimakkaasti humaloitu, hunajamaltainen, hedelmäinen, sitruksinen, hennon havuinen, yrttinen, tasapainoinen",
	"abvPercent": "7.5",
	"beerType": "ale",
	"pricePerLitre": "14.82 EUR",
	"packageType": "pullo",
	"manufacturer": "Nogne o",
	"ibuScale": "73.6 EBU",
	"platoScale": "17.8 &deg;P",
	"ebc": "21.4 EBC"
},
{
	"name": "Nogne o Saison",
	"country": "Norja",
	"imgUrl": "//cdn.alko.fi/ProductImages/Scaled/760156/product.jpg",
	"price": "8,39",
	"volume": "0.5l",
	"description": "Kullankeltainen, samea, runsasvaahtoinen, keskitäyteläinen, voimakkaasti humaloitu, sitruksinen, hapan, hennon kukkainen, yrttinen, aromikas.",
	"abvPercent": "6.5",
	"beerType": "erikoisuus",
	"pricePerLitre": "16.78 EUR",
	"packageType": "pullo",
	"manufacturer": "Nogne o",
	"ibuScale": "25.0 EBU",
	"platoScale": "14.5 &deg;P",
	"ebc": "10.0 EBC"
},
{
	"name": "Nogne o Sunturnbrew",
	"country": "Norja",
	"imgUrl": "//cdn.alko.fi/ProductImages/Scaled/749526/product.jpg",
	"price": "10,99",
	"volume": "0.5l",
	"description": "Pähkinänruskea, samea, runsasvaahtoinen, täyteläinen, voimakkaasti humaloitu, suklaamaltainen, kevyen siirappinen, hennon mokkainen, mausteinen, tyylikäs",
	"abvPercent": "11.0",
	"beerType": "erikoisuus",
	"pricePerLitre": "21.78 EUR",
	"packageType": "pullo",
	"manufacturer": "Nogne o Det kompromisslose bryggeriet"
},
{
	"name": "Noa Pecan Mud Imperial Stout",
	"country": "Ruotsi",
	"imgUrl": "//cdn.alko.fi/ProductImages/Scaled/926014/product.jpg",
	"price": "10,99",
	"volume": "0.33l",
	"description": "Mustanruskea, samea, täyteläinen, voimakkaasti humaloitu, maltainen, suklainen, pähkinäinen",
	"abvPercent": "11.0",
	"beerType": "stout & porter",
	"pricePerLitre": "33.3 EUR",
	"packageType": "pullo",
	"manufacturer": "Omnipollo",
	"ibuScale": "39.0 EBU",
	"platoScale": "24.8 &deg;P",
	"ebc": "260.0 EBC"
},
{
	"name": "Novopacke Pivo Podkrkono&scaron;sky Special",
	"country": "Tsekki",
	"imgUrl": "//cdn.alko.fi/ProductImages/Scaled/754626/product.jpg",
	"price": "2,87",
	"volume": "0.5l",
	"description": "Kahvinruskea, täyteläinen, keskiasteisesti humaloitu, paahtomaltainen, hennon mokkainen, kevyen hedelmäinen, yrttinen",
	"abvPercent": "6.3",
	"beerType": "tumma lager",
	"pricePerLitre": "5.54 EUR",
	"packageType": "pullo",
	"manufacturer": "Nova Paka",
	"ibuScale": "27.1 EBU",
	"platoScale": "13.3 &deg;P",
	"ebc": "86.6 EBC"
},
{
	"name": "Novopacke Pivo Vald&scaron;tejn",
	"country": "Tsekki",
	"imgUrl": "//cdn.alko.fi/ProductImages/Scaled/719776/product.jpg",
	"price": "3,49",
	"volume": "0.5l",
	"description": "Kullankeltainen, täyteläinen, keskiasteisesti humaloitu, hunajamaltainen, keksinen, kevyen hedelmäinen, hennon yrttinen",
	"abvPercent": "7.0",
	"beerType": "vahva lager",
	"pricePerLitre": "6.78 EUR",
	"packageType": "pullo",
	"manufacturer": "Pivovar Nova Paka",
	"ibuScale": "31.2 EBU",
	"platoScale": "15.3 &deg;P",
	"ebc": "13.4 EBC"
},
{
	"name": "Oakham Ales Green Devil IPA",
	"country": "Englanti",
	"imgUrl": "//cdn.alko.fi/ProductImages/Scaled/757306/product.jpg",
	"price": "4,69",
	"volume": "0.5l",
	"description": "Kullankeltainen, täyteläinen, voimakkaasti humaloitu, kypsän hedelmäinen, mallaskeksinen, kevyen greippinen, yrttinen, tasapainoinen",
	"abvPercent": "6.0",
	"beerType": "ale",
	"pricePerLitre": "9.18 EUR",
	"packageType": "pullo",
	"manufacturer": "Oakham Ales",
	"ibuScale": "43.2 EBU",
	"platoScale": "13.9 &deg;P",
	"ebc": "13.4 EBC"
},
{
	"name": "Olarin Panimo Area 21 IPA",
	"country": "Suomi",
	"imgUrl": "//cdn.alko.fi/ProductImages/Scaled/943954/product.jpg",
	"price": "4,18",
	"volume": "0.33l",
	"description": "Meripihkanruskea, samea, täyteläinen, erittäin voimakkaasti humaloitu, hedelmäinen, sitruksinen",
	"abvPercent": "6.3",
	"beerType": "ale",
	"pricePerLitre": "12.67 EUR",
	"packageType": "pullo",
	"manufacturer": "Olarin Panimo",
	"ibuScale": "84.0 EBU",
	"platoScale": "14.7 &deg;P",
	"ebc": "26.0 EBC"
},
{
	"name": "Olarin Panimo Area 21 Pale Ale",
	"country": "Suomi",
	"imgUrl": "//cdn.alko.fi/ProductImages/Scaled/915114/product.jpg",
	"price": "4,12",
	"volume": "0.33l",
	"description": "Viljankeltainen, samea, keskitäyteläinen, voimakkaasti humaloitu, viljainen, hedelmäinen",
	"abvPercent": "5.2",
	"beerType": "ale",
	"pricePerLitre": "12.48 EUR",
	"packageType": "pullo",
	"manufacturer": "Olarin Panimo",
	"ibuScale": "34.0 EBU",
	"platoScale": "12.0 &deg;P",
	"ebc": "13.0 EBC"
},
{
	"name": "Old Empire India Pale Ale",
	"country": "Englanti",
	"imgUrl": "//cdn.alko.fi/ProductImages/Scaled/720506/product.jpg",
	"price": "3,99",
	"volume": "0.5l",
	"description": "Meripihkankeltainen, keskitäyteläinen, voimakkaasti humaloitu, maltainen, kypsän aprikoosinen, sitruksinen, mausteinen",
	"abvPercent": "5.7",
	"beerType": "ale",
	"pricePerLitre": "7.78 EUR",
	"packageType": "pullo",
	"manufacturer": "Marston's Brewery",
	"ibuScale": "28.5 EBU",
	"platoScale": "13.3 &deg;P",
	"ebc": "19.2 EBC"
},
{
	"name": "Old Peculier",
	"country": "Englanti",
	"imgUrl": "//cdn.alko.fi/ProductImages/Scaled/787496/product.jpg",
	"price": "4,69",
	"volume": "0.5l",
	"description": "Pähkinänruskea, runsasvaahtoinen, täyteläinen, keskiasteisesti humaloitu, mallasleipäinen, hennon siirappinen, kevyen tummasuklainen, mausteinen, runsas, vivahteikas",
	"abvPercent": "5.6",
	"beerType": "ale",
	"pricePerLitre": "9.18 EUR",
	"packageType": "pullo",
	"manufacturer": "T&R Theakston",
	"ibuScale": "23.6 EBU",
	"platoScale": "13.7 &deg;P",
	"ebc": "95.8 EBC"
},
{
	"name": "Olvi Export A",
	"country": "Suomi",
	"imgUrl": "//cdn.alko.fi/ProductImages/Scaled/000021/product.jpg",
	"price": "1,53",
	"volume": "0.33l",
	"description": "Keltainen, keskitäyteläinen, miedosti humaloitu, viljainen, kevyen hedelmäinen",
	"abvPercent": "5.2",
	"beerType": "lager",
	"pricePerLitre": "4.33 EUR",
	"packageType": "pullo",
	"manufacturer": "Olvi",
	"ibuScale": "12.7 EBU",
	"platoScale": "11.8 &deg;P",
	"ebc": "10.8 EBC"
},
{
	"name": "Olvi Export A 18-pack  tölkki",
	"country": "Suomi",
	"imgUrl": "//cdn.alko.fi/ProductImages/Scaled/794698/product.jpg",
	"price": "35,34",
	"volume": "5.94l",
	"description": "Keltainen, keskitäyteläinen, miedosti humaloitu, viljainen, kevyen hedelmäinen",
	"abvPercent": "5.2",
	"beerType": "lager",
	"pricePerLitre": "5.49 EUR",
	"packageType": "tölkki",
	"manufacturer": "Olvi",
	"ibuScale": "12.7 EBU",
	"platoScale": "11.8 &deg;P",
	"ebc": "10.8 EBC"
},
{
	"name": "Olvi Export A 6-pack  pullo",
	"country": "Suomi",
	"imgUrl": "//cdn.alko.fi/ProductImages/Scaled/009459/product.jpg",
	"price": "9,18",
	"volume": "1.98l",
	"description": "Keltainen, keskitäyteläinen, miedosti humaloitu, viljainen, kevyen hedelmäinen",
	"abvPercent": "5.2",
	"beerType": "lager",
	"pricePerLitre": "4.33 EUR",
	"packageType": "pullo",
	"manufacturer": "Olvi",
	"ibuScale": "12.7 EBU",
	"platoScale": "11.8 &deg;P",
	"ebc": "10.8 EBC"
},
{
	"name": "Olvi Export A 8-pack  tölkki",
	"country": "Suomi",
	"imgUrl": "//cdn.alko.fi/ProductImages/Scaled/794588/product.jpg",
	"price": "15,68",
	"volume": "2.64l",
	"description": "Keltainen, keskitäyteläinen, miedosti humaloitu, viljainen, kevyen hedelmäinen",
	"abvPercent": "5.2",
	"beerType": "lager",
	"pricePerLitre": "5.48 EUR",
	"packageType": "tölkki",
	"manufacturer": "Olvi",
	"ibuScale": "12.7 EBU",
	"platoScale": "11.8 &deg;P",
	"ebc": "10.8 EBC"
},
{
	"name": "Olvi Export A  tölkki",
	"country": "Suomi",
	"imgUrl": "//cdn.alko.fi/ProductImages/Scaled/794564/product.jpg",
	"price": "1,96",
	"volume": "0.33l",
	"description": "Keltainen, keskitäyteläinen, miedosti humaloitu, viljainen, kevyen hedelmäinen",
	"abvPercent": "5.2",
	"beerType": "lager",
	"pricePerLitre": "5.48 EUR",
	"packageType": "tölkki",
	"manufacturer": "Olvi",
	"ibuScale": "12.7 EBU",
	"platoScale": "11.8 &deg;P",
	"ebc": "10.8 EBC"
},
{
	"name": "Olvi Export A  tölkki",
	"country": "Suomi",
	"imgUrl": "//cdn.alko.fi/ProductImages/Scaled/794576/product.jpg",
	"price": "2,91",
	"volume": "0.5l",
	"description": "Keltainen, keskitäyteläinen, miedosti humaloitu, viljainen, kevyen hedelmäinen",
	"abvPercent": "5.2",
	"beerType": "lager",
	"pricePerLitre": "5.52 EUR",
	"packageType": "tölkki",
	"manufacturer": "Olvi",
	"ibuScale": "12.7 EBU",
	"platoScale": "11.8 &deg;P",
	"ebc": "10.8 EBC"
},
{
	"name": "Olvi III",
	"country": "Suomi",
	"imgUrl": "//cdn.alko.fi/ProductImages/Scaled/728384/product.jpg",
	"price": "1,58",
	"volume": "0.33l",
	"description": "Vaaleankeltainen, kevyt, miedosti humaloitu, viljainen",
	"abvPercent": "4.5",
	"beerType": "lager",
	"pricePerLitre": "4.48 EUR",
	"packageType": "pullo",
	"manufacturer": "Olvi",
	"ibuScale": "12.1 EBU",
	"platoScale": "10.2 &deg;P",
	"ebc": "9.0 EBC"
},
{
	"name": "Olvi IPA Iisalmi Pale Ale  tölkki",
	"country": "Suomi",
	"imgUrl": "//cdn.alko.fi/ProductImages/Scaled/769176/product.jpg",
	"price": "3,45",
	"volume": "0.5l",
	"description": "Kullankeltainen, keskitäyteläinen, voimakkaasti humaloitu, viljainen, sitruksinen, kevyen mausteinen, raikas",
	"abvPercent": "5.0",
	"beerType": "ale",
	"pricePerLitre": "6.6 EUR",
	"packageType": "tölkki",
	"manufacturer": "Olvi",
	"ibuScale": "38.5 EBU",
	"platoScale": "11.5 &deg;P",
	"ebc": "15.7 EBC"
},
{
	"name": "Olvi Tuplapukki",
	"country": "Suomi",
	"imgUrl": "//cdn.alko.fi/ProductImages/Scaled/009283/product.jpg",
	"price": "2,36",
	"volume": "0.33l",
	"description": "Vaaleanruskea, täyteläinen, keskiasteisesti humaloitu, maltainen, makean hedelmäinen",
	"abvPercent": "8.5",
	"beerType": "vahva lager",
	"pricePerLitre": "6.85 EUR",
	"packageType": "pullo",
	"manufacturer": "Olvi",
	"ibuScale": "17.0 EBU",
	"platoScale": "17.7 &deg;P",
	"ebc": "15.5 EBC"
},
{
	"name": "Olvi Tuplapukki 6-pack  pullo",
	"country": "Suomi",
	"imgUrl": "//cdn.alko.fi/ProductImages/Scaled/792838/product.jpg",
	"price": "14,17",
	"volume": "1.98l",
	"description": "Vaaleanruskea, täyteläinen, keskiasteisesti humaloitu, maltainen, makean hedelmäinen",
	"abvPercent": "8.5",
	"beerType": "vahva lager",
	"pricePerLitre": "6.85 EUR",
	"packageType": "pullo",
	"manufacturer": "Olvi",
	"ibuScale": "17.0 EBU",
	"platoScale": "17.7 &deg;P",
	"ebc": "15.5 EBC"
},
{
	"name": "Olvi Tuplapukki 6-pack  tölkki",
	"country": "Suomi",
	"imgUrl": "//cdn.alko.fi/ProductImages/Scaled/792848/product.jpg",
	"price": "22,14",
	"volume": "3.0l",
	"description": "Vaaleanruskea, täyteläinen, keskiasteisesti humaloitu, maltainen, makean hedelmäinen",
	"abvPercent": "8.5",
	"beerType": "vahva lager",
	"pricePerLitre": "7.08 EUR",
	"packageType": "tölkki",
	"manufacturer": "Olvi",
	"ibuScale": "17.0 EBU",
	"platoScale": "17.7 &deg;P",
	"ebc": "15.5 EBC"
},
{
	"name": "Olvi Tuplapukki 8-pack  tölkki",
	"country": "Suomi",
	"imgUrl": "//cdn.alko.fi/ProductImages/Scaled/792858/product.jpg",
	"price": "19,85",
	"volume": "2.64l",
	"description": "Vaaleanruskea, täyteläinen, keskiasteisesti humaloitu, maltainen, makean hedelmäinen",
	"abvPercent": "8.5",
	"beerType": "vahva lager",
	"pricePerLitre": "7.06 EUR",
	"packageType": "tölkki",
	"manufacturer": "Olvi",
	"ibuScale": "17.0 EBU",
	"platoScale": "17.7 &deg;P",
	"ebc": "15.5 EBC"
},
{
	"name": "Olvi Tuplapukki  tölkki",
	"country": "Suomi",
	"imgUrl": "//cdn.alko.fi/ProductImages/Scaled/792836/product.jpg",
	"price": "3,69",
	"volume": "0.5l",
	"description": "Vaaleanruskea, täyteläinen, keskiasteisesti humaloitu, maltainen, makean hedelmäinen",
	"abvPercent": "8.5",
	"beerType": "vahva lager",
	"pricePerLitre": "7.08 EUR",
	"packageType": "tölkki",
	"manufacturer": "Olvi",
	"ibuScale": "17.0 EBU",
	"platoScale": "17.7 &deg;P",
	"ebc": "15.5 EBC"
},
{
	"name": "Olvi Tuplapukki  tölkki",
	"country": "Suomi",
	"imgUrl": "//cdn.alko.fi/ProductImages/Scaled/792854/product.jpg",
	"price": "2,48",
	"volume": "0.33l",
	"description": "Vaaleanruskea, täyteläinen, keskiasteisesti humaloitu, maltainen, makean hedelmäinen",
	"abvPercent": "8.5",
	"beerType": "vahva lager",
	"pricePerLitre": "7.06 EUR",
	"packageType": "tölkki",
	"manufacturer": "Olvi",
	"ibuScale": "17.0 EBU",
	"platoScale": "17.7 &deg;P",
	"ebc": "15.5 EBC"
},
{
	"name": "Orval",
	"country": "Belgia",
	"imgUrl": "//cdn.alko.fi/ProductImages/Scaled/701244/product.jpg",
	"price": "5,86",
	"volume": "0.33l",
	"description": "Meripihkankeltainen, samea, runsasvaahtoinen, keskitäyteläinen, keskiasteisesti humaloitu, maltainen, sitruksinen, kevyen viheromenainen, hennon herukanlehtinen, yrttinen, vivahteikas",
	"abvPercent": "6.9",
	"beerType": "erikoisuus",
	"pricePerLitre": "17.76 EUR",
	"packageType": "pullo",
	"manufacturer": "Orval",
	"ibuScale": "29.2 EBU",
	"platoScale": "13.3 &deg;P",
	"ebc": "24.3 EBC"
},
{
	"name": "O'So Brewing Hop Whoopin!",
	"country": "Yhdysvallat",
	"imgUrl": "//cdn.alko.fi/ProductImages/Scaled/915934/product.jpg",
	"price": "4,30",
	"volume": "0.355l",
	"description": "Keltainen, samea, keskitäyteläinen, voimakkaasti humaloitu, hedelmäinen, mausteinen.",
	"abvPercent": "7.5",
	"beerType": "ale",
	"pricePerLitre": "12.11 EUR",
	"packageType": "pullo",
	"manufacturer": "O'So Brewing",
	"ibuScale": "95.0 EBU",
	"platoScale": "15.8 &deg;P",
	"ebc": "8.0 EBC"
},
{
	"name": "Oud Beersel Oude Geuze Vieille",
	"country": "Belgia",
	"imgUrl": "//cdn.alko.fi/ProductImages/Scaled/737544/product.jpg",
	"price": "6,40",
	"volume": "0.375l",
	"description": "Meripihkankeltainen, samea, runsasvaahtoinen, keskitäyteläinen, miedosti humaloitu, viheromenainen, limettinen, tallinen, rodukas, runsas, hapan",
	"abvPercent": "6.0",
	"beerType": "erikoisuus",
	"pricePerLitre": "17.07 EUR",
	"packageType": "pullo",
	"manufacturer": "Oud Beersel",
	"ibuScale": "16.3 EBU",
	"platoScale": "13.9 &deg;P",
	"ebc": "16.5 EBC"
},
{
	"name": "Oud Beersel Oude Kriek Vieille",
	"country": "Belgia",
	"imgUrl": "//cdn.alko.fi/ProductImages/Scaled/793744/product.jpg",
	"price": "7,39",
	"volume": "0.375l",
	"description": "Rubiininpunainen, samea, runsasvaahtoinen, keskitäyteläinen, miedosti humaloitu, hedelmäinen, hapankirsikkainen, verigreippinen, aromikas, rodukas",
	"abvPercent": "6.0",
	"beerType": "erikoisuus",
	"pricePerLitre": "19.71 EUR",
	"packageType": "pullo",
	"manufacturer": "Oud Beersel",
	"ibuScale": "13.2 EBU",
	"platoScale": "14.4 &deg;P",
	"ebc": "62.1 EBC"
},
{
	"name": "Page 24 Black Edition Pale Ale",
	"country": "Ranska",
	"imgUrl": "//cdn.alko.fi/ProductImages/Scaled/736544/product.jpg",
	"price": "3,99",
	"volume": "0.33l",
	"description": "Meripihkanruskea, keskitäyteläinen, voimakkaasti humaloitu, maltainen, hedelmäinen, kevyen luumuinen, sitruksinen, yrttinen",
	"abvPercent": "4.9",
	"beerType": "ale",
	"pricePerLitre": "12.09 EUR",
	"packageType": "pullo",
	"manufacturer": "Page 24",
	"ibuScale": "28.0 EBU",
	"platoScale": "11.0 &deg;P",
	"ebc": "23.3 EBC"
},
{
	"name": "Page 24 & Nogne o Rhub'IPA",
	"country": "Ranska",
	"imgUrl": "//cdn.alko.fi/ProductImages/Scaled/745904/product.jpg",
	"price": "4,30",
	"volume": "0.33l",
	"description": "Kullankeltainen, keskitäyteläinen, voimakkaasti humaloitu, runsaan sitruksinen, raparperinen, mausteinen, raikas",
	"abvPercent": "6.9",
	"beerType": "erikoisuus",
	"pricePerLitre": "13.03 EUR",
	"packageType": "pullo",
	"manufacturer": "Page 24",
	"ibuScale": "39.0 EBU",
	"platoScale": "16.0 &deg;P",
	"ebc": "8.25 EBC"
},
{
	"name": "Page 24 Reserve Hildegarde Blonde",
	"country": "Ranska",
	"imgUrl": "//cdn.alko.fi/ProductImages/Scaled/738814/product.jpg",
	"price": "3,89",
	"volume": "0.33l",
	"description": "Kullankeltainen, täyteläinen, keskiasteisesti humaloitu, keksinen, hunajamaltainen, kypsän hedelmäinen, mausteinen, runsas",
	"abvPercent": "6.9",
	"beerType": "erikoisuus",
	"pricePerLitre": "11.79 EUR",
	"packageType": "pullo",
	"manufacturer": "Page 24",
	"ibuScale": "31.0 EBU",
	"platoScale": "16.0 &deg;P",
	"ebc": "11.4 EBC"
},
{
	"name": "Pardubicky Taxis",
	"country": "Tsekki",
	"imgUrl": "//cdn.alko.fi/ProductImages/Scaled/711546/product.jpg",
	"price": "3,35",
	"volume": "0.5l",
	"description": "Kullankeltainen, keskitäyteläinen, keskiasteisesti humaloitu, viljainen, greippinen, yrttinen, mausteinen, raikas",
	"abvPercent": "6.0",
	"beerType": "vahva lager",
	"pricePerLitre": "6.5 EUR",
	"packageType": "pullo",
	"manufacturer": "Pivovar Pern&scaron;tejn Pardubice",
	"ibuScale": "23.7 EBU",
	"platoScale": "14.2 &deg;P",
	"ebc": "18.7 EBC"
},
{
	"name": "Paulaner Hefe-Weissbier",
	"country": "Saksa",
	"imgUrl": "//cdn.alko.fi/ProductImages/Scaled/734296/product.jpg",
	"price": "3,79",
	"volume": "0.5l",
	"description": "Meripihkankeltainen, samea, runsasvaahtoinen, keskitäyteläinen, miedosti humaloitu, hedelmäinen, hennon banaaninen",
	"abvPercent": "5.5",
	"beerType": "vehnäolut",
	"pricePerLitre": "7.38 EUR",
	"packageType": "pullo",
	"manufacturer": "Paulaner Brauerei",
	"ibuScale": "11.0 EBU",
	"platoScale": "12.6 &deg;P",
	"ebc": "20.1 EBC"
},
{
	"name": "Paulaner Salvator",
	"country": "Saksa",
	"imgUrl": "//cdn.alko.fi/ProductImages/Scaled/748074/product.jpg",
	"price": "3,25",
	"volume": "0.33l",
	"description": "Mahonginruskea, täyteläinen, keskiasteisesti humaloitu, karamellimaltainen, kevyen suklainen, pähkinäinen, kypsän luumuinen, runsas",
	"abvPercent": "7.9",
	"beerType": "vahva lager",
	"pricePerLitre": "9.55 EUR",
	"packageType": "pullo",
	"manufacturer": "Paulaner Brauerei",
	"ibuScale": "22.3 EBU",
	"platoScale": "18.4 &deg;P",
	"ebc": "61.6 EBC"
},
{
	"name": "Paulaner Weissbier Kristallklar",
	"country": "Saksa",
	"imgUrl": "//cdn.alko.fi/ProductImages/Scaled/724076/product.jpg",
	"price": "3,79",
	"volume": "0.5l",
	"description": "Oljenkeltainen, runsasvaahtoinen, kevyt, miedosti humaloitu, vehnäinen, sitruksinen, mausteinen, raikas",
	"abvPercent": "5.2",
	"beerType": "vehnäolut",
	"pricePerLitre": "7.38 EUR",
	"packageType": "pullo",
	"manufacturer": "Paulaner Brauerei",
	"ibuScale": "10.9 EBU",
	"platoScale": "11.7 &deg;P",
	"ebc": "9.1 EBC"
},
{
	"name": "Peak Organic Nut Brown Ale",
	"country": "Yhdysvallat",
	"imgUrl": "//cdn.alko.fi/ProductImages/Scaled/908104/product.jpg",
	"price": "3,60",
	"volume": "0.355l",
	"description": "Ruskea, keskitäyteläinen, keskiasteisesti humaloitu, paahteinen, hedelmäinen, sitruksinen",
	"abvPercent": "4.7",
	"beerType": "ale",
	"pricePerLitre": "10.14 EUR",
	"packageType": "pullo",
	"manufacturer": "Peak Organic Brewing",
	"ibuScale": "30.0 EBU",
	"platoScale": "11.9 &deg;P",
	"ebc": "45.3 EBC"
},
{
	"name": "Peak Organic Pale Ale",
	"country": "Yhdysvallat",
	"imgUrl": "//cdn.alko.fi/ProductImages/Scaled/732774/product.jpg",
	"price": "3,62",
	"volume": "0.355l",
	"description": "Kullankeltainen, samea, keskitäyteläinen, keskiasteisesti humaloitu, leipäinen, sitruksinen, yrttinen, raikas",
	"abvPercent": "5.1",
	"beerType": "ale",
	"pricePerLitre": "9.92 EUR",
	"packageType": "pullo",
	"manufacturer": "Peak Organic Brewing",
	"ibuScale": "34.9 EBU",
	"platoScale": "10.4 &deg;P",
	"ebc": "9.4 EBC"
},
{
	"name": "Peak Organic Winter Session",
	"country": "Yhdysvallat",
	"imgUrl": "//cdn.alko.fi/ProductImages/Scaled/956524/product.jpg",
	"price": "4,80",
	"volume": "0.355l",
	"description": "Ruskea, keskitäyteläinen, keskiasteisesti humaloitu, paahteinen, hedelmäinen, sitruksinen",
	"abvPercent": "5.0",
	"beerType": "vehnäolut",
	"pricePerLitre": "13.52 EUR",
	"packageType": "pullo",
	"manufacturer": "Peak Organic Brewing",
	"ibuScale": "44.0 EBU",
	"platoScale": "13.1 &deg;P",
	"ebc": "43.3 EBC"
},
{
	"name": "Pern&scaron;tejn Granat",
	"country": "Tsekki",
	"imgUrl": "//cdn.alko.fi/ProductImages/Scaled/773846/product.jpg",
	"price": "3,28",
	"volume": "0.5l",
	"description": "Kastanjanruskea, keskitäyteläinen, keskiasteisesti humaloitu, karamellimaltainen, luumuinen, hennon toffeinen, kevyen mausteinen, pehmeä",
	"abvPercent": "5.7",
	"beerType": "tumma lager",
	"pricePerLitre": "6.36 EUR",
	"packageType": "pullo",
	"manufacturer": "Pivovar Pern&scaron;tejn Pardubice",
	"ibuScale": "21.7 EBU",
	"platoScale": "13.6 &deg;P",
	"ebc": "90.7 EBC"
},
{
	"name": "Pern&scaron;tejn Svetly LeÅ¾ak",
	"country": "Tsekki",
	"imgUrl": "//cdn.alko.fi/ProductImages/Scaled/742146/product.jpg",
	"price": "2,99",
	"volume": "0.5l",
	"description": "Kullankeltainen, keskitäyteläinen, keskiasteisesti humaloitu, viljainen, kevyen sitruksinen, raikas",
	"abvPercent": "5.0",
	"beerType": "lager",
	"pricePerLitre": "5.78 EUR",
	"packageType": "pullo",
	"manufacturer": "Pivovar Pern&scaron;tejn Pardubice",
	"ibuScale": "27.7 EBU",
	"platoScale": "11.6 &deg;P",
	"ebc": "12.9 EBC"
},
{
	"name": "Peroni Nastro Azzurro",
	"country": "Italia",
	"imgUrl": "//cdn.alko.fi/ProductImages/Scaled/755404/product.jpg",
	"price": "2,48",
	"volume": "0.33l",
	"description": "Viljankeltainen, keskitäyteläinen, miedosti humaloitu, viljainen, hennon hedelmäinen, yrttinen, tasapainoinen",
	"abvPercent": "4.6",
	"beerType": "lager",
	"pricePerLitre": "7.21 EUR",
	"packageType": "pullo",
	"manufacturer": "Birra Peroni",
	"ibuScale": "16.9 EBU",
	"platoScale": "10.7 &deg;P",
	"ebc": "5.6 EBC"
},
{
	"name": "Pöhjala öö",
	"country": "Viro",
	"imgUrl": "//cdn.alko.fi/ProductImages/Scaled/954124/product.jpg",
	"price": "5,99",
	"volume": "0.33l",
	"description": "Ruskeanmusta, samea, täyteläinen, voimakkaasti humaloitu, paahtomaltainen, kuivahedelmäinen, siirappinen, kevyen nokinen, runsas",
	"abvPercent": "10.5",
	"beerType": "stout & porter",
	"pricePerLitre": "17.85 EUR",
	"packageType": "pullo",
	"manufacturer": "Pöhjala",
	"ibuScale": "43.5 EBU",
	"platoScale": "24.3 &deg;P",
	"ebc": "469.0 EBC"
},
{
	"name": "Pöhjala Cellar Series Porridge Bullet Barrel Aged Multigrain Breakfast Ale",
	"country": "Viro",
	"imgUrl": "//cdn.alko.fi/ProductImages/Scaled/935194/product.jpg",
	"price": "6,98",
	"volume": "0.33l",
	"description": "Musta, erittäin täyteläinen, keskiasteisesti humaloitu, kahvinen, aromikas, ruisleipäinen",
	"abvPercent": "11.9",
	"beerType": "ale",
	"pricePerLitre": "21.15 EUR",
	"packageType": "pullo",
	"manufacturer": "öllekunsti Ou",
	"ibuScale": "43.0 EBU",
	"platoScale": "27.0 &deg;P",
	"ebc": "278.0 EBC"
},
{
	"name": "Pöhjala Mel Gibson",
	"country": "Viro",
	"imgUrl": "//cdn.alko.fi/ProductImages/Scaled/914854/product.jpg",
	"price": "8,99",
	"volume": "0.33l",
	"description": "Musta, täyteläinen, keskiasteisesti humaloitu, savuinen, ruisleipäinen, tummasuklainen",
	"abvPercent": "12.2",
	"beerType": "ale",
	"pricePerLitre": "27.24 EUR",
	"packageType": "pullo",
	"manufacturer": "öllekunsti",
	"ibuScale": "27.0 EBU",
	"platoScale": "26.4 &deg;P",
	"ebc": "333.0 EBC"
},
{
	"name": "Pöhjala Mets Black Forest IPA",
	"country": "Viro",
	"imgUrl": "//cdn.alko.fi/ProductImages/Scaled/953364/product.jpg",
	"price": "4,98",
	"volume": "0.33l",
	"description": "Ruskeanmusta, samea, runsasvaahtoinen, täyteläinen, voimakkaasti humaloitu, paahtomaltainen, mausteinen, suklainen",
	"abvPercent": "7.0",
	"beerType": "ale",
	"pricePerLitre": "15.09 EUR",
	"packageType": "pullo",
	"manufacturer": "öllekunsti",
	"ibuScale": "77.0 EBU",
	"platoScale": "16.7 &deg;P",
	"ebc": "278.0 EBC"
},
{
	"name": "Pöhjala Must Kuld Colombia Coffee Porter",
	"country": "Viro",
	"imgUrl": "//cdn.alko.fi/ProductImages/Scaled/932184/product.jpg",
	"price": "4,98",
	"volume": "0.33l",
	"description": "Musta, erittäin täyteläinen, keskiasteisesti humaloitu, kahvinen, maltainen, tummasuklainen",
	"abvPercent": "7.8",
	"beerType": "stout & porter",
	"pricePerLitre": "15.09 EUR",
	"packageType": "pullo",
	"manufacturer": "öllekunsti",
	"ibuScale": "37.0 EBU",
	"platoScale": "20.1 &deg;P",
	"ebc": "636.0 EBC"
},
{
	"name": "Pöhjala Must Kuld Porter",
	"country": "Viro",
	"imgUrl": "//cdn.alko.fi/ProductImages/Scaled/926584/product.jpg",
	"price": "4,99",
	"volume": "0.33l",
	"description": "Tummanruskea, runsasvaahtoinen, keskitäyteläinen, keskiasteisesti humaloitu, viljainen, maltainen, paahteinen",
	"abvPercent": "7.8",
	"beerType": "stout & porter",
	"pricePerLitre": "14.82 EUR",
	"packageType": "pullo",
	"manufacturer": "Pöhjala",
	"ibuScale": "44.0 EBU",
	"platoScale": "1.0 &deg;P",
	"ebc": "325.7 EBC"
},
{
	"name": "Pöhjala Pesakond",
	"country": "Viro",
	"imgUrl": "//cdn.alko.fi/ProductImages/Scaled/910254/product.jpg",
	"price": "4,49",
	"volume": "0.33l",
	"description": "Ruskea, runsasvaahtoinen, täyteläinen, voimakkaasti humaloitu, maltainen, mausteinen, hedelmäinen",
	"abvPercent": "5.4",
	"beerType": "ale",
	"pricePerLitre": "13.3 EUR",
	"packageType": "pullo",
	"manufacturer": "Pöhjala",
	"ibuScale": "60.0 EBU",
	"platoScale": "14.8 &deg;P",
	"ebc": "138.0 EBC"
},
{
	"name": "Pöhjala Pime öö",
	"country": "Viro",
	"imgUrl": "//cdn.alko.fi/ProductImages/Scaled/936134/product.jpg",
	"price": "6,99",
	"volume": "0.33l",
	"description": "Mustanruskea, samea, keskiasteisesti humaloitu, maltainen, paahteinen, karamellinen",
	"abvPercent": "13.6",
	"beerType": "stout & porter",
	"pricePerLitre": "20.88 EUR",
	"packageType": "pullo",
	"manufacturer": "Pöhjala",
	"ibuScale": "44.0 EBU",
	"platoScale": "32.0 &deg;P",
	"ebc": "590.0 EBC"
},
{
	"name": "Pöhjala Routa 2.0 Lingonberry IPA",
	"country": "Viro",
	"imgUrl": "//cdn.alko.fi/ProductImages/Scaled/958404/product.jpg",
	"price": "4,47",
	"volume": "0.33l",
	"description": "Kullankeltainen, keskitäyteläinen, erittäin voimakkaasti humaloitu, greippinen, aromikas",
	"abvPercent": "6.7",
	"beerType": "ale",
	"pricePerLitre": "13.55 EUR",
	"packageType": "pullo",
	"manufacturer": "öllekunsti",
	"ibuScale": "66.0 EBU",
	"platoScale": "16.8 &deg;P",
	"ebc": "52.0 EBC"
},
{
	"name": "Pöhjala Virmalised India Pale Ale",
	"country": "Viro",
	"imgUrl": "//cdn.alko.fi/ProductImages/Scaled/723274/product.jpg",
	"price": "4,28",
	"volume": "0.33l",
	"description": "Kullankeltainen, samea, keskitäyteläinen, voimakkaasti humaloitu, keksinen, sitruksinen, kevyen greippinen, yrttinen, vivahteikas",
	"abvPercent": "6.5",
	"beerType": "ale",
	"pricePerLitre": "12.67 EUR",
	"packageType": "pullo",
	"manufacturer": "Pöhjala",
	"ibuScale": "60.1 EBU",
	"platoScale": "15.4 &deg;P",
	"ebc": "22.9 EBC"
},
{
	"name": "Pöhjala öö XO",
	"country": "Viro",
	"imgUrl": "//cdn.alko.fi/ProductImages/Scaled/943094/product.jpg",
	"price": "7,99",
	"volume": "0.33l",
	"description": "Ruskeanmusta, samea, erittäin täyteläinen, voimakkaasti humaloitu, makean maltainen, suklainen, hedelmäinen, lämmin",
	"abvPercent": "11.5",
	"beerType": "stout & porter",
	"pricePerLitre": "24.21 EUR",
	"packageType": "pullo",
	"manufacturer": "öllekunsti",
	"ibuScale": "43.0 EBU",
	"platoScale": "26.2 &deg;P",
	"ebc": "430.0 EBC"
},
{
	"name": "Pilsner Urquell",
	"country": "Tsekki",
	"imgUrl": "//cdn.alko.fi/ProductImages/Scaled/009743/product.jpg",
	"price": "3,29",
	"volume": "0.5l",
	"description": "Kullankeltainen, keskitäyteläinen, voimakkaasti humaloitu, maltainen, hennon voinen, kevyen yrttinen, aromikas",
	"abvPercent": "4.4",
	"beerType": "pils",
	"pricePerLitre": "6.38 EUR",
	"packageType": "pullo",
	"manufacturer": "Plzensky Prazdroj",
	"ibuScale": "30.7 EBU",
	"platoScale": "11.8 &deg;P",
	"ebc": "11.3 EBC"
},
{
	"name": "Pilsner Urquell  tölkki",
	"country": "Tsekki",
	"imgUrl": "//cdn.alko.fi/ProductImages/Scaled/762326/product.jpg",
	"price": "3,08",
	"volume": "0.5l",
	"description": "Kullankeltainen, keskitäyteläinen, voimakkaasti humaloitu, maltainen, hennon voinen, kevyen yrttinen, aromikas",
	"abvPercent": "4.4",
	"beerType": "pils",
	"pricePerLitre": "5.86 EUR",
	"packageType": "tölkki",
	"manufacturer": "Plzensky Prazdroj",
	"ibuScale": "30.7 EBU",
	"platoScale": "11.8 &deg;P",
	"ebc": "11.3 EBC"
},
{
	"name": "Piraat Triple Hop",
	"country": "Belgia",
	"imgUrl": "//cdn.alko.fi/ProductImages/Scaled/774954/product.jpg",
	"price": "4,79",
	"volume": "0.33l",
	"description": "Meripihkankeltainen, runsasvaahtoinen, täyteläinen, voimakkaasti humaloitu, hunajamaltainen, yrttinen, runsas",
	"abvPercent": "10.5",
	"beerType": "ale",
	"pricePerLitre": "14.21 EUR",
	"packageType": "pullo",
	"manufacturer": "Van Steenberge",
	"ibuScale": "27.1 EBU",
	"platoScale": "22.5 &deg;P",
	"ebc": "21.5 EBC"
},
{
	"name": "Polar Monkeys White Collar Golden Ale",
	"country": "Tanska",
	"imgUrl": "//cdn.alko.fi/ProductImages/Scaled/752714/product.jpg",
	"price": "2,98",
	"volume": "0.33l",
	"description": "Meripihkankeltainen, keskitäyteläinen, keskiasteisesti humaloitu, mallaskeksinen, kuivahedelmäinen, kevyen pähkinäinen, mausteinen",
	"abvPercent": "5.5",
	"beerType": "ale",
	"pricePerLitre": "8.73 EUR",
	"packageType": "pullo",
	"manufacturer": "Hartwall",
	"ibuScale": "22.8 EBU",
	"platoScale": "14.0 &deg;P",
	"ebc": "23.9 EBC"
},
{
	"name": "Pollyanna Lexical Gap India Pale Ale",
	"country": "Yhdysvallat",
	"imgUrl": "//cdn.alko.fi/ProductImages/Scaled/936945/product.jpg",
	"price": "5,99",
	"volume": "0.473l",
	"description": "Meripihkanruskea, täyteläinen, voimakkaasti humaloitu, hedelmäinen, mausteinen",
	"abvPercent": "7.3",
	"beerType": "ale",
	"pricePerLitre": "12.66 EUR",
	"packageType": "tölkki",
	"manufacturer": "Pollyanna",
	"ibuScale": "80.0 EBU",
	"platoScale": "17.5 &deg;P",
	"ebc": "8.0 EBC"
},
{
	"name": "Primator Exkluziv",
	"country": "Tsekki",
	"imgUrl": "//cdn.alko.fi/ProductImages/Scaled/751356/product.jpg",
	"price": "3,69",
	"volume": "0.5l",
	"description": "Kullankeltainen, täyteläinen, keskiasteisesti humaloitu, runsaan maltainen, hennon kinuskinen, hedelmäinen, jalohumala-arominen",
	"abvPercent": "7.5",
	"beerType": "vahva lager",
	"pricePerLitre": "7.18 EUR",
	"packageType": "pullo",
	"manufacturer": "Primator",
	"ibuScale": "29.6 EBU",
	"platoScale": "16.4 &deg;P",
	"ebc": "18.4 EBC"
},
{
	"name": "Primator Premium",
	"country": "Tsekki",
	"imgUrl": "//cdn.alko.fi/ProductImages/Scaled/789996/product.jpg",
	"price": "3,15",
	"volume": "0.5l",
	"description": "Kullankeltainen, keskitäyteläinen, keskiasteisesti humaloitu, viljainen, mallaskeksimäinen, kevyen yrttinen",
	"abvPercent": "5.0",
	"beerType": "lager",
	"pricePerLitre": "6.1 EUR",
	"packageType": "pullo",
	"manufacturer": "Primator",
	"ibuScale": "27.8 EBU",
	"platoScale": "11.5 &deg;P",
	"ebc": "12.6 EBC"
},
{
	"name": "Prykmestar Altbier",
	"country": "Suomi",
	"imgUrl": "//cdn.alko.fi/ProductImages/Scaled/710036/product.jpg",
	"price": "4,94",
	"volume": "0.5l",
	"description": "Kinuskinruskea, samea, keskitäyteläinen, keskiasteisesti humaloitu, mallasleipäinen, kuivahedelmäinen, kevyen kaakaoinen, hennon yrttinen",
	"abvPercent": "5.0",
	"beerType": "erikoisuus",
	"pricePerLitre": "9.68 EUR",
	"packageType": "pullo",
	"manufacturer": "Vakka-Suomen Panimo",
	"ibuScale": "33.3 EBU",
	"platoScale": "12.1 &deg;P",
	"ebc": "49.8 EBC"
},
{
	"name": "Prykmestar Double I.P.A",
	"country": "Suomi",
	"imgUrl": "//cdn.alko.fi/ProductImages/Scaled/702406/product.jpg",
	"price": "5,40",
	"volume": "0.5l",
	"description": "Kuparinruskea, erittäin täyteläinen, erittäin voimakkaasti humaloitu, karamellimaltainen, kuivahedelmäinen, havuinen, yrttinen, runsas, pitkä",
	"abvPercent": "8.5",
	"beerType": "ale",
	"pricePerLitre": "10.6 EUR",
	"packageType": "pullo",
	"manufacturer": "Vakka-Suomen Panimo",
	"ibuScale": "92.3 EBU",
	"platoScale": "21.3 &deg;P",
	"ebc": "54.3 EBC"
},
{
	"name": "Prykmestar Luomu Pils",
	"country": "Suomi",
	"imgUrl": "//cdn.alko.fi/ProductImages/Scaled/717176/product.jpg",
	"price": "4,21",
	"volume": "0.5l",
	"description": "Kullankeltainen, keskitäyteläinen, keskiasteisesti humaloitu, mallaskeksinen, viljainen, hennon yrttinen",
	"abvPercent": "5.2",
	"beerType": "pils",
	"pricePerLitre": "8.22 EUR",
	"packageType": "pullo",
	"manufacturer": "Vakka-Suomen Panimo",
	"ibuScale": "27.8 EBU",
	"platoScale": "12.4 &deg;P",
	"ebc": "10.9 EBC"
},
{
	"name": "Prykmestar Nokkos Pils",
	"country": "Suomi",
	"imgUrl": "//cdn.alko.fi/ProductImages/Scaled/914906/product.jpg",
	"price": "4,95",
	"volume": "0.5l",
	"description": "Viljankeltainen, samea, täyteläinen, keskiasteisesti humaloitu, viljainen, mausteinen, yrttinen",
	"abvPercent": "5.2",
	"beerType": "pils",
	"pricePerLitre": "9.7 EUR",
	"packageType": "pullo",
	"manufacturer": "Vakka-Suomen Panimo",
	"ibuScale": "28.8 EBU",
	"platoScale": "12.7 &deg;P",
	"ebc": "11.8 EBC"
},
{
	"name": "Prykmestar Saazer Pils",
	"country": "Suomi",
	"imgUrl": "//cdn.alko.fi/ProductImages/Scaled/776306/product.jpg",
	"price": "4,95",
	"volume": "0.5l",
	"description": "Sitruunankeltainen, samea, keskitäyteläinen, keskiasteisesti humaloitu, mallaskeksinen, sitruksinen, hedelmäinen, jalohumala-arominen, raikas",
	"abvPercent": "5.7",
	"beerType": "pils",
	"pricePerLitre": "9.7 EUR",
	"packageType": "pullo",
	"manufacturer": "Vakka-Suomen Panimo",
	"ibuScale": "37.2 EBU",
	"platoScale": "15.0 &deg;P",
	"ebc": "13.0 EBC"
},
{
	"name": "Prykmestar Savu",
	"country": "Suomi",
	"imgUrl": "//cdn.alko.fi/ProductImages/Scaled/943906/product.jpg",
	"price": "4,91",
	"volume": "0.5l",
	"description": "Mahonginruskea, keskitäyteläinen, keskiasteisesti humaloitu, mallasleipäinen, palvikinkkuinen, kevyen mokkainen",
	"abvPercent": "5.5",
	"beerType": "erikoisuus",
	"pricePerLitre": "9.62 EUR",
	"packageType": "pullo",
	"manufacturer": "Vakka-Suomen Panimo",
	"ibuScale": "37.2 EBU",
	"platoScale": "13.2 &deg;P",
	"ebc": "123.0 EBC"
},
{
	"name": "Prykmestar Savukataja",
	"country": "Suomi",
	"imgUrl": "//cdn.alko.fi/ProductImages/Scaled/713406/product.jpg",
	"price": "7,35",
	"volume": "0.5l",
	"description": "Kahvinruskea, runsasvaahtoinen, täyteläinen, keskiasteisesti humaloitu, karamellimaltainen, savuinen, katajanmarjainen, kevyen havuinen, runsas, lämmin",
	"abvPercent": "9.0",
	"beerType": "erikoisuus",
	"pricePerLitre": "14.5 EUR",
	"packageType": "pullo",
	"manufacturer": "Vakka-Suomen Panimo",
	"ibuScale": "32.2 EBU",
	"platoScale": "20.9 &deg;P",
	"ebc": "74.4 EBC"
},
{
	"name": "Prykmestar Terva Juhlaolut",
	"country": "Suomi",
	"imgUrl": "//cdn.alko.fi/ProductImages/Scaled/722106/product.jpg",
	"price": "5,46",
	"volume": "0.5l",
	"description": "Tummanruskea, samea, runsasvaahtoinen, täyteläinen, keskiasteisesti humaloitu, paahtomaltainen, tervainen, kevyen tummasuklainen, hennon katajanmarjainen, vivahteikas",
	"abvPercent": "6.1",
	"beerType": "tumma lager",
	"pricePerLitre": "10.72 EUR",
	"packageType": "pullo",
	"manufacturer": "Vakka-Suomen Panimo",
	"ibuScale": "22.9 EBU",
	"platoScale": "15.1 &deg;P",
	"ebc": "53.5 EBC"
},
{
	"name": "Prykmestar Wehnäbock",
	"country": "Suomi",
	"imgUrl": "//cdn.alko.fi/ProductImages/Scaled/730726/product.jpg",
	"price": "4,36",
	"volume": "0.5l",
	"description": "Mahonginruskea, samea, runsasvaahtoinen, täyteläinen, voimakkaasti humaloitu, hedelmäinen, kypsän banaaninen, yrttinen",
	"abvPercent": "6.2",
	"beerType": "vehnäolut",
	"pricePerLitre": "8.52 EUR",
	"packageType": "pullo",
	"manufacturer": "Vakka-Suomen Panimo",
	"ibuScale": "27.2 EBU",
	"platoScale": "15.3 &deg;P",
	"ebc": "30.7 EBC"
},
{
	"name": "Pyynikin American Ipa",
	"country": "Suomi",
	"imgUrl": "//cdn.alko.fi/ProductImages/Scaled/923234/product.jpg",
	"price": "3,62",
	"volume": "0.33l",
	"description": "Oljenkeltainen, keskitäyteläinen, voimakkaasti humaloitu, hedelmäinen, viljainen",
	"abvPercent": "4.6",
	"beerType": "ale",
	"pricePerLitre": "10.67 EUR",
	"packageType": "pullo",
	"manufacturer": "Pyynikin Käsityöläispanimo",
	"ibuScale": "31.3 EBU",
	"platoScale": "9.2 &deg;P",
	"ebc": "16.8 EBC"
},
{
	"name": "Pyynikin Black IPA",
	"country": "Suomi",
	"imgUrl": "//cdn.alko.fi/ProductImages/Scaled/761524/product.jpg",
	"price": "4,99",
	"volume": "0.33l",
	"description": "Musta, samea, täyteläinen, erittäin voimakkaasti humaloitu, paahtomaltainen, kuivahedelmäinen, espressomainen, hennon salmiakkinen, paahteinen",
	"abvPercent": "8.5",
	"beerType": "ale",
	"pricePerLitre": "14.82 EUR",
	"packageType": "pullo",
	"manufacturer": "Pyynikin Käsityöläispanimo",
	"ibuScale": "79.3 EBU",
	"platoScale": "20.1 &deg;P",
	"ebc": "243.0 EBC"
},
{
	"name": "Pyynikin Bourbon Barrel Aged Imperial Stout",
	"country": "Suomi",
	"imgUrl": "//cdn.alko.fi/ProductImages/Scaled/767224/product.jpg",
	"price": "8,71",
	"volume": "0.33l",
	"description": "Musta, samea, erittäin täyteläinen, voimakkaasti humaloitu, paahtomaltainen, suklainen, siirappinen, hedelmäinen, kevyen tamminen, hennon vaniljainen, runsas",
	"abvPercent": "13.0",
	"beerType": "stout & porter",
	"pricePerLitre": "26.09 EUR",
	"packageType": "pullo",
	"manufacturer": "Pyynikin Käsityöläispanimo",
	"ibuScale": "44.4 EBU",
	"platoScale": "24.0 &deg;P",
	"ebc": "301.0 EBC"
},
{
	"name": "Pyynikin KauppaIPA",
	"country": "Suomi",
	"imgUrl": "//cdn.alko.fi/ProductImages/Scaled/932354/product.jpg",
	"price": "4,41",
	"volume": "0.33l",
	"description": "Oljenkeltainen, samea, runsasvaahtoinen, kevyt, voimakkaasti humaloitu, hedelmäinen, viljainen",
	"abvPercent": "4.7",
	"beerType": "ale",
	"pricePerLitre": "13.06 EUR",
	"packageType": "pullo",
	"manufacturer": "Pyynikin Käsityöläispanimo",
	"ibuScale": "28.0 EBU",
	"platoScale": "10.0 &deg;P",
	"ebc": "15.0 EBC"
},
{
	"name": "Pyynikin Pajavasara",
	"country": "Suomi",
	"imgUrl": "//cdn.alko.fi/ProductImages/Scaled/952754/product.jpg",
	"price": "5,99",
	"volume": "0.33l",
	"description": "Musta, erittäin täyteläinen, voimakkaasti humaloitu, kahvinen, paahtomaltainen, suklaamaltainen",
	"abvPercent": "8.8",
	"beerType": "stout & porter",
	"pricePerLitre": "18.15 EUR",
	"packageType": "pullo",
	"manufacturer": "Pyynikin Käsityöläispanimo",
	"ibuScale": "77.8 EBU",
	"platoScale": "20.2 &deg;P",
	"ebc": "250.0 EBC"
},
{
	"name": "Pyynikin Papan Vanilla Stout",
	"country": "Suomi",
	"imgUrl": "//cdn.alko.fi/ProductImages/Scaled/925014/product.jpg",
	"price": "4,99",
	"volume": "0.33l",
	"description": "Ruskeanmusta, täyteläinen, keskiasteisesti humaloitu, maltainen, maitokahvinen, kevyen suklainen, vaniljainen, mausteinen",
	"abvPercent": "6.8",
	"beerType": "stout & porter",
	"pricePerLitre": "14.82 EUR",
	"packageType": "pullo",
	"manufacturer": "Pyynikin Käsityöläispanimo",
	"ibuScale": "23.9 EBU",
	"platoScale": "17.8 &deg;P",
	"ebc": "240.0 EBC"
},
{
	"name": "Pyynikin Pikkuportteri",
	"country": "Suomi",
	"imgUrl": "//cdn.alko.fi/ProductImages/Scaled/906354/product.jpg",
	"price": "4,00",
	"volume": "0.33l",
	"description": "Ruskeanmusta, keskitäyteläinen, voimakkaasti humaloitu, maltainen, karamellinen",
	"abvPercent": "4.2",
	"beerType": "stout & porter",
	"pricePerLitre": "11.82 EUR",
	"packageType": "pullo",
	"manufacturer": "Pyynikin Käsityöläispanimo",
	"ibuScale": "34.6 EBU",
	"platoScale": "12.3 &deg;P",
	"ebc": "270.0 EBC"
},
{
	"name": "Pyynikin Ruby Jazz Ale",
	"country": "Suomi",
	"imgUrl": "//cdn.alko.fi/ProductImages/Scaled/909184/product.jpg",
	"price": "4,35",
	"volume": "0.33l",
	"description": "Kahvinruskea, keskitäyteläinen, voimakkaasti humaloitu, viljainen, mausteinen",
	"abvPercent": "4.7",
	"beerType": "ale",
	"pricePerLitre": "12.88 EUR",
	"packageType": "pullo",
	"manufacturer": "Pyynikin Käsityöläispanimo",
	"ibuScale": "50.2 EBU",
	"platoScale": "10.5 &deg;P",
	"ebc": "88.1 EBC"
},
{
	"name": "Pyynikin Sessio White Ipa",
	"country": "Suomi",
	"imgUrl": "//cdn.alko.fi/ProductImages/Scaled/912614/product.jpg",
	"price": "3,62",
	"volume": "0.33l",
	"description": "Vaaleankeltainen, samea, keskitäyteläinen, voimakkaasti humaloitu, viljainen, hedelmäinen",
	"abvPercent": "4.6",
	"beerType": "ale",
	"pricePerLitre": "10.67 EUR",
	"packageType": "pullo",
	"manufacturer": "Pyynikin Käsityöläispanimo",
	"ibuScale": "31.3 EBU",
	"platoScale": "9.2 &deg;P",
	"ebc": "16.8 EBC"
},
{
	"name": "Pyynikin Stout",
	"country": "Suomi",
	"imgUrl": "//cdn.alko.fi/ProductImages/Scaled/934134/product.jpg",
	"price": "3,59",
	"volume": "0.33l",
	"description": "Ruskeanmusta, keskitäyteläinen, keskiasteisesti humaloitu, maltainen, paahteinen",
	"abvPercent": "4.2",
	"beerType": "stout & porter",
	"pricePerLitre": "10.58 EUR",
	"packageType": "pullo",
	"manufacturer": "Pyynikin Käsityöläispanimo",
	"ibuScale": "36.9 EBU",
	"platoScale": "11.6 &deg;P",
	"ebc": "255.0 EBC"
},
{
	"name": "Pyynikin Sunrice IPA",
	"country": "Suomi",
	"imgUrl": "//cdn.alko.fi/ProductImages/Scaled/900324/product.jpg",
	"price": "4,99",
	"volume": "0.33l",
	"description": "Kullankeltainen, samea, täyteläinen, voimakkaasti humaloitu, hedelmäinen, yrttinen",
	"abvPercent": "8.2",
	"beerType": "ale",
	"pricePerLitre": "14.82 EUR",
	"packageType": "pullo",
	"manufacturer": "Pyynikin Käsityöläispanimo",
	"ibuScale": "37.0 EBU",
	"platoScale": "16.9 &deg;P",
	"ebc": "22.0 EBC"
},
{
	"name": "Pyynikin Vahvaportteri",
	"country": "Suomi",
	"imgUrl": "//cdn.alko.fi/ProductImages/Scaled/933294/product.jpg",
	"price": "5,20",
	"volume": "0.33l",
	"description": "Mustanruskea, täyteläinen, keskiasteisesti humaloitu, paahtomaltainen, kevyen siirappinen, toffeinen, tummasuklainen, tasapainoinen",
	"abvPercent": "7.5",
	"beerType": "stout & porter",
	"pricePerLitre": "15.76 EUR",
	"packageType": "pullo",
	"manufacturer": "Pyynikin Käsityöläispanimo",
	"ibuScale": "30.1 EBU",
	"platoScale": "18.7 &deg;P",
	"ebc": "278.0 EBC"
},
{
	"name": "Radbrew Buster-Jangle",
	"country": "Suomi",
	"imgUrl": "//cdn.alko.fi/ProductImages/Scaled/938534/product.jpg",
	"price": "5,90",
	"volume": "0.33l",
	"description": "Kullankeltainen, täyteläinen, voimakkaasti humaloitu, hedelmäinen, appelsiininen",
	"abvPercent": "7.0",
	"beerType": "ale",
	"pricePerLitre": "17.88 EUR",
	"packageType": "pullo",
	"manufacturer": "Radbrew",
	"ibuScale": "69.8 EBU",
	"platoScale": "17.1 &deg;P",
	"ebc": "23.0 EBC"
},
{
	"name": "Radbrew Crossroads",
	"country": "Suomi",
	"imgUrl": "//cdn.alko.fi/ProductImages/Scaled/931994/product.jpg",
	"price": "5,78",
	"volume": "0.33l",
	"description": "Kullanruskea, täyteläinen, voimakkaasti humaloitu, hedelmäinen, havuinen",
	"abvPercent": "6.7",
	"beerType": "ale",
	"pricePerLitre": "17.52 EUR",
	"packageType": "pullo",
	"manufacturer": "Radbrew",
	"ibuScale": "38.2 EBU",
	"platoScale": "14.1 &deg;P",
	"ebc": "16.5 EBC"
},
{
	"name": "Radbrew Greenhouse Second Edition",
	"country": "Suomi",
	"imgUrl": "//cdn.alko.fi/ProductImages/Scaled/902394/product.jpg",
	"price": "5,45",
	"volume": "0.33l",
	"description": "Kullanruskea, täyteläinen, keskiasteisesti humaloitu, hedelmäinen, yrttinen",
	"abvPercent": "5.5",
	"beerType": "ale",
	"pricePerLitre": "16.52 EUR",
	"packageType": "pullo",
	"manufacturer": "Radbrew",
	"ibuScale": "39.9 EBU",
	"platoScale": "13.0 &deg;P",
	"ebc": "15.1 EBC"
},
{
	"name": "Radbrew I'll Get Mi Browncoat",
	"country": "Suomi",
	"imgUrl": "//cdn.alko.fi/ProductImages/Scaled/946724/product.jpg",
	"price": "5,98",
	"volume": "0.33l",
	"description": "Ruskea, täyteläinen, keskiasteisesti humaloitu, suklaamaltainen, suklainen, toffeinen",
	"abvPercent": "5.4",
	"beerType": "ale",
	"pricePerLitre": "18.12 EUR",
	"packageType": "pullo",
	"manufacturer": "Radbrew",
	"ibuScale": "42.6 EBU",
	"platoScale": "13.7 &deg;P",
	"ebc": "38.1 EBC"
},
{
	"name": "Radbrew Ivy Mike Double IPA",
	"country": "Suomi",
	"imgUrl": "//cdn.alko.fi/ProductImages/Scaled/956424/product.jpg",
	"price": "5,84",
	"volume": "0.33l",
	"description": "Kullanruskea, täyteläinen, erittäin voimakkaasti humaloitu, havuinen, hedelmäinen",
	"abvPercent": "8.5",
	"beerType": "ale",
	"pricePerLitre": "17.7 EUR",
	"packageType": "pullo",
	"manufacturer": "Radbrew",
	"ibuScale": "98.7 EBU",
	"platoScale": "19.3 &deg;P",
	"ebc": "18.7 EBC"
},
{
	"name": "Radbrew Ranger American Pale Ale",
	"country": "Suomi",
	"imgUrl": "//cdn.alko.fi/ProductImages/Scaled/904144/product.jpg",
	"price": "5,91",
	"volume": "0.33l",
	"description": "Kullanruskea, täyteläinen, voimakkaasti humaloitu, hedelmäinen, havuinen",
	"abvPercent": "6.8",
	"beerType": "ale",
	"pricePerLitre": "17.91 EUR",
	"packageType": "pullo",
	"manufacturer": "Radbrew",
	"ibuScale": "58.0 EBU",
	"platoScale": "15.0 &deg;P",
	"ebc": "25.5 EBC"
},
{
	"name": "Radbrew Sandstone",
	"country": "Suomi",
	"imgUrl": "//cdn.alko.fi/ProductImages/Scaled/906934/product.jpg",
	"price": "5,92",
	"volume": "0.33l",
	"description": "Kullankeltainen, täyteläinen, voimakkaasti humaloitu, inkiväärinen, sitruksinen, yrttinen",
	"abvPercent": "6.6",
	"beerType": "ale",
	"pricePerLitre": "17.94 EUR",
	"packageType": "pullo",
	"manufacturer": "Radbrew",
	"ibuScale": "76.5 EBU",
	"platoScale": "14.1 &deg;P",
	"ebc": "14.7 EBC"
},
{
	"name": "Radbrew Teapot IPA",
	"country": "Suomi",
	"imgUrl": "//cdn.alko.fi/ProductImages/Scaled/953334/product.jpg",
	"price": "5,45",
	"volume": "0.33l",
	"description": "Kullanruskea, täyteläinen, voimakkaasti humaloitu, hedelmäinen, yrttinen, mausteinen",
	"abvPercent": "5.5",
	"beerType": "ale",
	"pricePerLitre": "16.52 EUR",
	"packageType": "pullo",
	"manufacturer": "Radbrew",
	"ibuScale": "73.8 EBU",
	"platoScale": "13.0 &deg;P",
	"ebc": "19.0 EBC"
},
{
	"name": "Radbrew Wasteland Oasis Hefeweizen",
	"country": "Suomi",
	"imgUrl": "//cdn.alko.fi/ProductImages/Scaled/927944/product.jpg",
	"price": "5,95",
	"volume": "0.33l",
	"description": "Keltainen, samea, runsasvaahtoinen, kevyt, keskiasteisesti humaloitu, sitruksinen, yrttinen",
	"abvPercent": "5.9",
	"beerType": "vehnäolut",
	"pricePerLitre": "18.03 EUR",
	"packageType": "pullo",
	"manufacturer": "Radbrew",
	"ibuScale": "25.2 EBU",
	"platoScale": "12.9 &deg;P",
	"ebc": "12.8 EBC"
},
{
	"name": "Radbrew Wigwam",
	"country": "Suomi",
	"imgUrl": "//cdn.alko.fi/ProductImages/Scaled/901234/product.jpg",
	"price": "5,89",
	"volume": "0.33l",
	"description": "Kullanruskea, keskitäyteläinen, voimakkaasti humaloitu, havuinen",
	"abvPercent": "7.4",
	"beerType": "ale",
	"pricePerLitre": "17.85 EUR",
	"packageType": "pullo",
	"manufacturer": "Radbrew",
	"ibuScale": "67.6 EBU",
	"platoScale": "15.6 &deg;P",
	"ebc": "17.3 EBC"
},
{
	"name": "Raduga Forbidden Planet",
	"country": "Puola",
	"imgUrl": "//cdn.alko.fi/ProductImages/Scaled/948056/product.jpg",
	"price": "5,96",
	"volume": "0.5l",
	"description": "Kinuskinruskea, samea, voimakkaasti humaloitu, hedelmäinen, mausteinen",
	"abvPercent": "8.4",
	"beerType": "ale",
	"pricePerLitre": "11.92 EUR",
	"packageType": "pullo",
	"manufacturer": "Raduga",
	"ibuScale": "82.0 EBU",
	"platoScale": "19.5 &deg;P",
	"ebc": "30.0 EBC"
},
{
	"name": "Redhook Long Hammer IPA",
	"country": "Yhdysvallat",
	"imgUrl": "//cdn.alko.fi/ProductImages/Scaled/724444/product.jpg",
	"price": "3,61",
	"volume": "0.355l",
	"description": "Kullankeltainen, keskitäyteläinen, voimakkaasti humaloitu, kypsän sitruksinen, aprikoosinen, yrttinen, pitkä",
	"abvPercent": "6.2",
	"beerType": "ale",
	"pricePerLitre": "10.17 EUR",
	"packageType": "pullo",
	"manufacturer": "Redhook Ale Brewery",
	"ibuScale": "44.0 EBU",
	"platoScale": "14.4 &deg;P",
	"ebc": "14.0 EBC"
},
{
	"name": "Rekolan Musta Valssi",
	"country": "Suomi",
	"imgUrl": "//cdn.alko.fi/ProductImages/Scaled/731726/product.jpg",
	"price": "5,93",
	"volume": "0.5l",
	"description": "Ruskeanmusta, keskitäyteläinen, keskiasteisesti humaloitu, paahtomaltainen, kevyen suklainen, yrttinen",
	"abvPercent": "5.6",
	"beerType": "tumma lager",
	"pricePerLitre": "11.66 EUR",
	"packageType": "pullo",
	"manufacturer": "Rekolan Panimo",
	"ibuScale": "39.7 EBU",
	"platoScale": "13.6 &deg;P",
	"ebc": "146.0 EBC"
},
{
	"name": "Rekolan Paavin Polku",
	"country": "Suomi",
	"imgUrl": "//cdn.alko.fi/ProductImages/Scaled/712496/product.jpg",
	"price": "6,68",
	"volume": "0.5l",
	"description": "Meripihkanruskea, samea, täyteläinen, keskiasteisesti humaloitu, hunajamaltainen, kypsän hedelmäinen, kevyen aprikoosinen, mausteinen",
	"abvPercent": "9.0",
	"beerType": "ale",
	"pricePerLitre": "13.16 EUR",
	"packageType": "pullo",
	"manufacturer": "Rekolan Panimo",
	"ibuScale": "35.6 EBU",
	"platoScale": "19.7 &deg;P",
	"ebc": "25.8 EBC"
},
{
	"name": "Rekolan Panimo Funky Luomu",
	"country": "Suomi",
	"imgUrl": "//cdn.alko.fi/ProductImages/Scaled/744166/product.jpg",
	"price": "5,94",
	"volume": "0.5l",
	"description": "Meripihkanruskea, samea, keskitäyteläinen, keskiasteisesti humaloitu, hedelmäinen, sitruksinen, kevyen mausteinen, hennon paahteinen, vivahteikas",
	"abvPercent": "6.5",
	"beerType": "erikoisuus",
	"pricePerLitre": "11.68 EUR",
	"packageType": "pullo",
	"manufacturer": "Rekolan Panimo",
	"ibuScale": "22.4 EBU",
	"platoScale": "13.7 &deg;P",
	"ebc": "36.4 EBC"
},
{
	"name": "Rekolan Panimo Kaffe Stout",
	"country": "Suomi",
	"imgUrl": "//cdn.alko.fi/ProductImages/Scaled/787676/product.jpg",
	"price": "5,96",
	"volume": "0.5l",
	"description": "Musta, samea, täyteläinen, keskiasteisesti humaloitu, suklaamaltainen, kahvinen, hedelmäinen, kevyen mausteinen, pehmeä",
	"abvPercent": "5.5",
	"beerType": "stout & porter",
	"pricePerLitre": "11.72 EUR",
	"packageType": "pullo",
	"manufacturer": "Rekolan Panimo",
	"ibuScale": "36.4 EBU",
	"platoScale": "18.2 &deg;P",
	"ebc": "132.0 EBC"
},
{
	"name": "Rekolan Panimo Kaksi Kotia, Ruusuhippi",
	"country": "Suomi",
	"imgUrl": "//cdn.alko.fi/ProductImages/Scaled/757726/product.jpg",
	"price": "6,42",
	"volume": "0.5l",
	"description": "Oljenkeltainen, keskitäyteläinen, keskiasteisesti humaloitu, muroinen, sitruksinen, hennon marjainen, kevyen valkopippurinen, yrttinen, aromikas",
	"abvPercent": "6.3",
	"beerType": "erikoisuus",
	"pricePerLitre": "12.64 EUR",
	"packageType": "pullo",
	"manufacturer": "Rekolan Panimo",
	"ibuScale": "21.3 EBU",
	"platoScale": "13.5 &deg;P",
	"ebc": "16.6 EBC"
},
{
	"name": "Rekolan Panimo Munkintie",
	"country": "Suomi",
	"imgUrl": "//cdn.alko.fi/ProductImages/Scaled/766016/product.jpg",
	"price": "6,00",
	"volume": "0.5l",
	"description": "Kahvinruskea, täyteläinen, keskiasteisesti humaloitu, paahtomaltainen, kuivahedelmäinen, luumuinen, siirappinen, mausteinen, kevyen lakritsinen",
	"abvPercent": "6.7",
	"beerType": "ale",
	"pricePerLitre": "11.8 EUR",
	"packageType": "pullo",
	"manufacturer": "Rekolan Panimo",
	"ibuScale": "21.2 EBU",
	"platoScale": "17.9 &deg;P",
	"ebc": "83.9 EBC"
},
{
	"name": "Ricky's IPA",
	"country": "Ruotsi",
	"imgUrl": "//cdn.alko.fi/ProductImages/Scaled/912326/product.jpg",
	"price": "4,03",
	"volume": "0.5l",
	"description": "Meripihkankeltainen, keskitäyteläinen, voimakkaasti humaloitu, maltainen, yrttinen, mausteinen",
	"abvPercent": "5.5",
	"beerType": "ale",
	"pricePerLitre": "7.86 EUR",
	"packageType": "pullo",
	"manufacturer": "Kopparbergs Bryggeri",
	"ibuScale": "50.0 EBU",
	"platoScale": "13.3 &deg;P",
	"ebc": "18.3 EBC"
},
{
	"name": "Ridgeway Hamster of Doom",
	"country": "Englanti",
	"imgUrl": "//cdn.alko.fi/ProductImages/Scaled/705956/product.jpg",
	"price": "4,58",
	"volume": "0.5l",
	"description": "Meripihkanruskea, keskitäyteläinen, keskiasteisesti humaloitu, mallaskeksinen, kuivahedelmäinen, kevyen mausteinen",
	"abvPercent": "5.8",
	"beerType": "ale",
	"pricePerLitre": "8.96 EUR",
	"packageType": "pullo",
	"manufacturer": "Ridgeway Brewing",
	"ibuScale": "29.8 EBU",
	"platoScale": "13.9 &deg;P",
	"ebc": "41.2 EBC"
},
{
	"name": "Ridgeway IPA",
	"country": "Englanti",
	"imgUrl": "//cdn.alko.fi/ProductImages/Scaled/799016/product.jpg",
	"price": "4,49",
	"volume": "0.5l",
	"description": "Meripihkankeltainen, samea, runsasvaahtoinen, täyteläinen, erittäin voimakkaasti humaloitu, kuivahedelmäinen, kevyen greippinen, mausteinen, yrttinen",
	"abvPercent": "5.5",
	"beerType": "ale",
	"pricePerLitre": "8.78 EUR",
	"packageType": "pullo",
	"manufacturer": "Ridgeway Brewing",
	"ibuScale": "37.1 EBU",
	"platoScale": "13.7 &deg;P",
	"ebc": "15.2 EBC"
},
{
	"name": "Ridgeway Quadruple Strong Ale",
	"country": "Englanti",
	"imgUrl": "//cdn.alko.fi/ProductImages/Scaled/705624/product.jpg",
	"price": "5,19",
	"volume": "0.33l",
	"description": "Kinuskinruskea, erittäin täyteläinen, voimakkaasti humaloitu, karamellimaltainen, kuivahedelmäinen, siirappinen, lääkeyrttinen, pitkä",
	"abvPercent": "12.0",
	"beerType": "ale",
	"pricePerLitre": "15.42 EUR",
	"packageType": "pullo",
	"manufacturer": "Ridgeway Brewing",
	"ibuScale": "34.3 EBU",
	"platoScale": "23.8 &deg;P",
	"ebc": "55.9 EBC"
},
{
	"name": "Riedenburger Hefe-Weizen",
	"country": "Saksa",
	"imgUrl": "//cdn.alko.fi/ProductImages/Scaled/787026/product.jpg",
	"price": "3,69",
	"volume": "0.5l",
	"description": "Kullankeltainen, samea, runsasvaahtoinen, kevyt, miedosti humaloitu, hedelmäinen, banaaninen, kevyen yrttinen, tasapainoinen",
	"abvPercent": "5.2",
	"beerType": "vehnäolut",
	"pricePerLitre": "7.18 EUR",
	"packageType": "pullo",
	"manufacturer": "Riedenburger Brauhaus",
	"ibuScale": "11.5 EBU",
	"platoScale": "12.8 &deg;P",
	"ebc": "14.4 EBC"
},
{
	"name": "Riedenburger Ur-Weizen",
	"country": "Saksa",
	"imgUrl": "//cdn.alko.fi/ProductImages/Scaled/707056/product.jpg",
	"price": "3,87",
	"volume": "0.5l",
	"description": "Kinuskinruskea, samea, runsasvaahtoinen, keskitäyteläinen, miedosti humaloitu, hedelmäinen, vehnäinen, sitruksinen, hennon mausteinen",
	"abvPercent": "5.4",
	"beerType": "vehnäolut",
	"pricePerLitre": "7.54 EUR",
	"packageType": "pullo",
	"manufacturer": "Riedenburger Brauhaus",
	"ibuScale": "10.6 EBU",
	"platoScale": "12.9 &deg;P",
	"ebc": "22.2 EBC"
},
{
	"name": "Riedenburger Weizenbock",
	"country": "Saksa",
	"imgUrl": "//cdn.alko.fi/ProductImages/Scaled/798416/product.jpg",
	"price": "4,48",
	"volume": "0.5l",
	"description": "Kinuskinruskea, samea, keskitäyteläinen, keskiasteisesti humaloitu, mallasleipäinen, luumuinen, kevyen kinuskinen, hennon mausteinen, pehmeä",
	"abvPercent": "7.8",
	"beerType": "vehnäolut",
	"pricePerLitre": "8.76 EUR",
	"packageType": "pullo",
	"manufacturer": "Riedenburger Brauhaus",
	"ibuScale": "18.4 EBU",
	"platoScale": "18.3 &deg;P",
	"ebc": "28.5 EBC"
},
{
	"name": "Rochefort 10",
	"country": "Belgia",
	"imgUrl": "//cdn.alko.fi/ProductImages/Scaled/743434/product.jpg",
	"price": "7,01",
	"volume": "0.33l",
	"description": "Kastanjanruskea, samea, runsasvaahtoinen, erittäin täyteläinen, keskiasteisesti humaloitu, karamellimaltainen, hedelmäinen, taatelinen, kaakaoinen, hennon salmiakkinen",
	"abvPercent": "11.3",
	"beerType": "erikoisuus",
	"pricePerLitre": "20.94 EUR",
	"packageType": "pullo",
	"manufacturer": "Abbey de Notre-Dame de Saint-Remy",
	"ibuScale": "16.2 EBU",
	"platoScale": "21.3 &deg;P",
	"ebc": "84.7 EBC"
},
{
	"name": "Rochefort 6",
	"country": "Belgia",
	"imgUrl": "//cdn.alko.fi/ProductImages/Scaled/716224/product.jpg",
	"price": "5,49",
	"volume": "0.33l",
	"description": "Kinuskinruskea, samea, runsasvaahtoinen, täyteläinen, miedosti humaloitu, hunajamaltainen, kuivatun aprikoosinen, kevyen siirappinen, mausteinen, tyylikäs",
	"abvPercent": "7.5",
	"beerType": "erikoisuus",
	"pricePerLitre": "16.64 EUR",
	"packageType": "pullo",
	"manufacturer": "Rochefort",
	"ibuScale": "10.0 EBU",
	"platoScale": "15.5 &deg;P",
	"ebc": "33.6 EBC"
},
{
	"name": "Rochefort 8",
	"country": "Belgia",
	"imgUrl": "//cdn.alko.fi/ProductImages/Scaled/767324/product.jpg",
	"price": "5,98",
	"volume": "0.33l",
	"description": "Mahonginruskea, samea, runsasvaahtoinen, täyteläinen, keskiasteisesti humaloitu, karamellimaltainen, kuivahedelmäinen, hennon siirappinen, mausteinen, pitkä",
	"abvPercent": "9.2",
	"beerType": "erikoisuus",
	"pricePerLitre": "18.12 EUR",
	"packageType": "pullo",
	"manufacturer": "Rochefort",
	"ibuScale": "12.3 EBU",
	"platoScale": "17.4 &deg;P",
	"ebc": "44.6 EBC"
},
{
	"name": "Rodenbach Alexander",
	"country": "Belgia",
	"imgUrl": "//cdn.alko.fi/ProductImages/Scaled/916277/product.jpg",
	"price": "14,99",
	"volume": "0.75l",
	"description": "Rubiininpunainen, keskitäyteläinen, miedosti humaloitu, hedelmäinen, hapankirsikkainen, aromikas",
	"abvPercent": "5.6",
	"beerType": "erikoisuus",
	"pricePerLitre": "19.99 EUR",
	"packageType": "pullo",
	"manufacturer": "Rodenbach",
	"ibuScale": "9.0 EBU",
	"platoScale": "15.5 &deg;P",
	"ebc": "45.0 EBC"
},
{
	"name": "Rodenbach Grand Cru",
	"country": "Belgia",
	"imgUrl": "//cdn.alko.fi/ProductImages/Scaled/750434/product.jpg",
	"price": "3,99",
	"volume": "0.33l",
	"description": "Kastanjanruskea, täyteläinen, miedosti humaloitu, hapankirsikkainen, veriappelsiininen, kypsän omenainen, hennon tallinen, mausteinen, vivahteikas",
	"abvPercent": "6.0",
	"beerType": "erikoisuus",
	"packageType": "pullo",
	"manufacturer": "Rodenbach",
	"ibuScale": "8.5 EBU",
	"platoScale": "13.6 &deg;P",
	"ebc": "78.0 EBC"
},
{
	"name": "Rodenbach Vintage 2014",
	"country": "Belgia",
	"imgUrl": "//cdn.alko.fi/ProductImages/Scaled/912477/product.jpg",
	"price": "14,95",
	"volume": "0.75l",
	"description": "Punaruskea, keskitäyteläinen, miedosti humaloitu, hapankirsikkainen, aromikas, mausteinen",
	"abvPercent": "7.0",
	"beerType": "erikoisuus",
	"pricePerLitre": "19.93 EUR",
	"packageType": "pullo",
	"manufacturer": "Rodenbach",
	"ibuScale": "8.0 EBU",
	"platoScale": "15.5 &deg;P",
	"ebc": "57.0 EBC"
},
{
	"name": "Ruosniemen Arkkitehti Black IPA",
	"country": "Suomi",
	"imgUrl": "//cdn.alko.fi/ProductImages/Scaled/732874/product.jpg",
	"price": "3,94",
	"volume": "0.33l",
	"description": "Musta, samea, voimakkaasti humaloitu, paahtomaltainen, greippinen, luumuinen, kaakaopapuinen, yrttinen, raikas",
	"abvPercent": "6.1",
	"beerType": "ale",
	"pricePerLitre": "11.64 EUR",
	"packageType": "pullo",
	"manufacturer": "Ruosniemen Panimo",
	"ibuScale": "52.7 EBU",
	"platoScale": "15.0 &deg;P",
	"ebc": "122.0 EBC"
},
{
	"name": "Ruosniemen Arkkitehti Black IPA",
	"country": "Suomi",
	"imgUrl": "//cdn.alko.fi/ProductImages/Scaled/789204/product.jpg",
	"price": "3,94",
	"volume": "0.33l",
	"description": "Musta, samea, voimakkaasti humaloitu, paahtomaltainen, greippinen, luumuinen, kaakaopapuinen, yrttinen, raikas",
	"abvPercent": "6.1",
	"beerType": "ale",
	"pricePerLitre": "11.94 EUR",
	"packageType": "pullo",
	"manufacturer": "Ruosniemen Panimo",
	"ibuScale": "52.7 EBU",
	"platoScale": "15.0 &deg;P",
	"ebc": "122.0 EBC"
},
{
	"name": "Ruosniemen Koodari American Lager",
	"country": "Suomi",
	"imgUrl": "//cdn.alko.fi/ProductImages/Scaled/792524/product.jpg",
	"price": "3,92",
	"volume": "0.33l",
	"description": "Oljenkeltainen, samea, keskitäyteläinen, voimakkaasti humaloitu, sitruksinen, hennon viheromenainen, kevyen kukkainen, yrttinen",
	"abvPercent": "5.7",
	"beerType": "lager",
	"pricePerLitre": "11.58 EUR",
	"packageType": "pullo",
	"manufacturer": "Ruosniemen Panimo",
	"ibuScale": "59.1 EBU",
	"platoScale": "14.3 &deg;P",
	"ebc": "20.5 EBC"
},
{
	"name": "Ruosniemen Panimo Diplomi-insinööri Double IPA",
	"country": "Suomi",
	"imgUrl": "//cdn.alko.fi/ProductImages/Scaled/926664/product.jpg",
	"price": "4,23",
	"volume": "0.33l",
	"description": "Meripihkankeltainen, runsasvaahtoinen, keskitäyteläinen, erittäin voimakkaasti humaloitu, hedelmäinen, mausteinen",
	"abvPercent": "8.0",
	"beerType": "ale",
	"pricePerLitre": "12.52 EUR",
	"packageType": "pullo",
	"manufacturer": "Ruosniemen Panimo",
	"ibuScale": "107.0 EBU",
	"platoScale": "17.5 &deg;P",
	"ebc": "26.0 EBC"
},
{
	"name": "Ruosniemen Panimo Komissaari Belgi",
	"country": "Suomi",
	"imgUrl": "//cdn.alko.fi/ProductImages/Scaled/753264/product.jpg",
	"price": "5,32",
	"volume": "0.33l",
	"description": "Kellanruskea, samea, täyteläinen, voimakkaasti humaloitu, maltainen, kuivahedelmäinen, kevyen banaaninen, mausteinen, runsas",
	"abvPercent": "8.5",
	"beerType": "ale",
	"pricePerLitre": "16.12 EUR",
	"packageType": "pullo",
	"manufacturer": "Ruosniemen Panimo",
	"ibuScale": "56.4 EBU",
	"platoScale": "20.6 &deg;P",
	"ebc": "22.0 EBC"
},
{
	"name": "Ruosniemen Panimo Parlamentaarikko Dubbel",
	"country": "Suomi",
	"imgUrl": "//cdn.alko.fi/ProductImages/Scaled/790724/product.jpg",
	"price": "4,70",
	"volume": "0.33l",
	"description": "Ruskea, samea, keskitäyteläinen, voimakkaasti humaloitu, maltainen, ruisleipäinen, kevyen siirappinen, mausteinen, paahteinen",
	"abvPercent": "6.9",
	"beerType": "ale",
	"pricePerLitre": "14.24 EUR",
	"packageType": "pullo",
	"manufacturer": "Ruosniemen Panimo",
	"ibuScale": "43.0 EBU",
	"platoScale": "17.7 &deg;P",
	"ebc": "89.9 EBC"
},
{
	"name": "Ruosniemen Panimo Piirimyyjä American Pale Ale",
	"country": "Suomi",
	"imgUrl": "//cdn.alko.fi/ProductImages/Scaled/904984/product.jpg",
	"price": "3,92",
	"volume": "0.33l",
	"description": "Meripihkankeltainen, runsasvaahtoinen, keskitäyteläinen, voimakkaasti humaloitu, keksinen, sitruksinen, yrttinen",
	"abvPercent": "5.7",
	"beerType": "ale",
	"pricePerLitre": "11.58 EUR",
	"packageType": "pullo",
	"manufacturer": "Ruosniemen Panimo",
	"ibuScale": "44.2 EBU",
	"platoScale": "13.1 &deg;P",
	"ebc": "16.0 EBC"
},
{
	"name": "Ruosniemen Panimo Vahtimestari Vaniljaportteri",
	"country": "Suomi",
	"imgUrl": "//cdn.alko.fi/ProductImages/Scaled/770374/product.jpg",
	"price": "4,54",
	"volume": "0.33l",
	"description": "Mustanruskea, samea, täyteläinen, keskiasteisesti humaloitu, suklaamaltainen, kuivahedelmäinen, vaniljainen, lakritsinen, runsas",
	"abvPercent": "6.1",
	"beerType": "stout & porter",
	"pricePerLitre": "13.76 EUR",
	"packageType": "pullo",
	"manufacturer": "Ruosniemen Panimo",
	"ibuScale": "27.3 EBU",
	"platoScale": "19.5 &deg;P",
	"ebc": "161.0 EBC"
},
{
	"name": "Ruosniemen Panimo Vuorineuvos Imperial Stout",
	"country": "Suomi",
	"imgUrl": "//cdn.alko.fi/ProductImages/Scaled/938134/product.jpg",
	"price": "5,66",
	"volume": "0.33l",
	"description": "Musta, erittäin täyteläinen, voimakkaasti humaloitu, maltainen, paahteinen",
	"abvPercent": "9.5",
	"beerType": "stout & porter",
	"pricePerLitre": "17.15 EUR",
	"packageType": "pullo",
	"manufacturer": "Ruosniemen Panimo",
	"ibuScale": "58.9 EBU",
	"platoScale": "23.0 &deg;P",
	"ebc": "270.0 EBC"
},
{
	"name": "Ruosniemen Pikkupomo Amber Ale",
	"country": "Suomi",
	"imgUrl": "//cdn.alko.fi/ProductImages/Scaled/754144/product.jpg",
	"price": "3,91",
	"volume": "0.33l",
	"description": "Meripihkanruskea, keskitäyteläinen, voimakkaasti humaloitu, maltainen, hedelmätorttuinen, kypsän sitruksinen, mausteinen",
	"abvPercent": "6.0",
	"beerType": "ale",
	"pricePerLitre": "11.55 EUR",
	"packageType": "pullo",
	"manufacturer": "Ruosniemen Panimo",
	"ibuScale": "58.3 EBU",
	"platoScale": "14.2 &deg;P",
	"ebc": "40.8 EBC"
},
{
	"name": "Sadler's Hop Bomb",
	"country": "Englanti",
	"imgUrl": "//cdn.alko.fi/ProductImages/Scaled/751866/product.jpg",
	"price": "4,35",
	"volume": "0.5l",
	"description": "Oljenkeltainen, samea, keskitäyteläinen, voimakkaasti humaloitu, viljainen, sitruksinen, hennon aprikoosinen, yrttinen, kevyen mausteinen, raikas",
	"abvPercent": "5.0",
	"beerType": "ale",
	"pricePerLitre": "8.5 EUR",
	"packageType": "pullo",
	"manufacturer": "Sadler's",
	"ibuScale": "41.1 EBU",
	"platoScale": "11.5 &deg;P",
	"ebc": "9.5 EBC"
},
{
	"name": "Sadler's Mud City Stout",
	"country": "Englanti",
	"imgUrl": "//cdn.alko.fi/ProductImages/Scaled/763056/product.jpg",
	"price": "4,52",
	"volume": "0.5l",
	"description": "Ruskeanmusta, täyteläinen, keskiasteisesti humaloitu, paahtomaltainen, hedelmäinen, kookoksinen, kahvinen, kevyen suklainen, mausteinen",
	"abvPercent": "6.6",
	"beerType": "stout & porter",
	"pricePerLitre": "8.84 EUR",
	"packageType": "pullo",
	"manufacturer": "Sadler's",
	"ibuScale": "29.7 EBU",
	"platoScale": "15.6 &deg;P",
	"ebc": "107.0 EBC"
},
{
	"name": "Sadler's Red IPA",
	"country": "Englanti",
	"imgUrl": "//cdn.alko.fi/ProductImages/Scaled/733366/product.jpg",
	"price": "4,49",
	"volume": "0.5l",
	"description": "Kastanjanruskea, täyteläinen, voimakkaasti humaloitu, karamellimaltainen, kuivahedelmäinen, kevyen tummasuklainen, mausteinen, runsas",
	"abvPercent": "5.7",
	"beerType": "ale",
	"pricePerLitre": "8.78 EUR",
	"packageType": "pullo",
	"manufacturer": "Sadler's",
	"ibuScale": "46.4 EBU",
	"platoScale": "14.2 &deg;P",
	"ebc": "47.3 EBC"
},
{
	"name": "Saimaan Brewer's Special American IPA  tölkki",
	"country": "Suomi",
	"imgUrl": "//cdn.alko.fi/ProductImages/Scaled/766346/product.jpg",
	"price": "3,32",
	"volume": "0.5l",
	"description": "Oljenkeltainen, samea, täyteläinen, voimakkaasti humaloitu, sitruksinen, greippinen, kuivatun aprikoosinen, havuinen, raikas",
	"abvPercent": "6.0",
	"beerType": "ale",
	"pricePerLitre": "6.34 EUR",
	"packageType": "tölkki",
	"manufacturer": "Saimaan Juomatehdas",
	"ibuScale": "41.0 EBU",
	"platoScale": "10.7 &deg;P",
	"ebc": "16.4 EBC"
},
{
	"name": "Saimaan Brewer's Special Copper Mallet Red Ale",
	"country": "Suomi",
	"imgUrl": "//cdn.alko.fi/ProductImages/Scaled/790984/product.jpg",
	"price": "3,99",
	"volume": "0.33l",
	"description": "Meripihkanruskea, samea, keskitäyteläinen, voimakkaasti humaloitu, hedelmäinen, pähkinäinen, kevyen sitruksinen, mausteinen, pitkä",
	"abvPercent": "5.9",
	"beerType": "ale",
	"pricePerLitre": "11.79 EUR",
	"packageType": "pullo",
	"manufacturer": "Saimaan Juomatehdas",
	"ibuScale": "57.4 EBU",
	"platoScale": "14.9 &deg;P",
	"ebc": "46.5 EBC"
},
{
	"name": "Saimaan Brewer's Special ESB",
	"country": "Suomi",
	"imgUrl": "//cdn.alko.fi/ProductImages/Scaled/728454/product.jpg",
	"price": "3,22",
	"volume": "0.33l",
	"description": "Kinuskinruskea, keskitäyteläinen, voimakkaasti humaloitu, hedelmäinen, viljainen, sitruksinen, kevyen yrttinen, raikas",
	"abvPercent": "6.2",
	"beerType": "ale",
	"pricePerLitre": "9.45 EUR",
	"packageType": "pullo",
	"manufacturer": "Saimaan Juomatehdas",
	"ibuScale": "38.5 EBU",
	"platoScale": "15.5 &deg;P",
	"ebc": "30.6 EBC"
},
{
	"name": "Saimaa Vahva  tölkki",
	"country": "Suomi",
	"imgUrl": "//cdn.alko.fi/ProductImages/Scaled/714326/product.jpg",
	"price": "3,31",
	"volume": "0.5l",
	"description": "Viljankeltainen, keskitäyteläinen, keskiasteisesti humaloitu, maltainen, kuivahedelmäinen, kevyen karamellinen, mausteinen, tasapainoinen",
	"abvPercent": "7.0",
	"beerType": "lager",
	"pricePerLitre": "6.32 EUR",
	"packageType": "tölkki",
	"manufacturer": "Saimaan Juomatehdas",
	"ibuScale": "29.0 EBU",
	"platoScale": "15.8 &deg;P",
	"ebc": "14.7 EBC"
},
{
	"name": "Saison Dupont Biologique",
	"country": "Belgia",
	"imgUrl": "//cdn.alko.fi/ProductImages/Scaled/798333/product.jpg",
	"price": "3,51",
	"volume": "0.25l",
	"description": "Oljenkeltainen, samea, keskitäyteläinen, voimakkaasti humaloitu, sitruksinen, aprikoosinen, mausteinen, kukkainen, kirpeä, pitkä",
	"abvPercent": "5.5",
	"beerType": "erikoisuus",
	"pricePerLitre": "14.04 EUR",
	"packageType": "pullo",
	"manufacturer": "Brasserie Dupont",
	"ibuScale": "22.3 EBU",
	"platoScale": "12.1 &deg;P",
	"ebc": "9.5 EBC"
},
{
	"name": "Saku Kuld",
	"country": "Viro",
	"imgUrl": "//cdn.alko.fi/ProductImages/Scaled/722356/product.jpg",
	"price": "2,98",
	"volume": "0.5l",
	"description": "Keltainen, keskitäyteläinen, keskiasteisesti humaloitu, maltainen, yrttinen, tasapainoinen",
	"abvPercent": "5.2",
	"beerType": "lager",
	"pricePerLitre": "5.76 EUR",
	"packageType": "pullo",
	"manufacturer": "Saku ölletehas",
	"ibuScale": "14.5 EBU",
	"platoScale": "12.1 &deg;P",
	"ebc": "9.3 EBC"
},
{
	"name": "Saku Porter",
	"country": "Viro",
	"imgUrl": "//cdn.alko.fi/ProductImages/Scaled/730856/product.jpg",
	"price": "3,69",
	"volume": "0.5l",
	"description": "Tummanruskea, täyteläinen, keskiasteisesti humaloitu, karamellimaltainen, luumuinen, suklainen, kevyen paahteinen, runsas",
	"abvPercent": "6.9",
	"beerType": "stout & porter",
	"pricePerLitre": "7.18 EUR",
	"packageType": "pullo",
	"manufacturer": "Saku ölletehas",
	"ibuScale": "22.6 EBU",
	"platoScale": "17.2 &deg;P",
	"ebc": "130.0 EBC"
},
{
	"name": "Saku Taurus",
	"country": "Viro",
	"imgUrl": "//cdn.alko.fi/ProductImages/Scaled/778996/product.jpg",
	"price": "3,49",
	"volume": "0.5l",
	"description": "Oljenkeltainen, keskitäyteläinen, keskiasteisesti humaloitu, hunajamaltainen, hennon banaaninen, kevyen yrttinen, lämmin",
	"abvPercent": "7.0",
	"beerType": "vahva lager",
	"pricePerLitre": "6.78 EUR",
	"packageType": "pullo",
	"manufacturer": "Saku ölletehas",
	"ibuScale": "14.0 EBU",
	"platoScale": "12.8 &deg;P",
	"ebc": "6.2 EBC"
},
{
	"name": "Saku Tume",
	"country": "Viro",
	"imgUrl": "//cdn.alko.fi/ProductImages/Scaled/009369/product.jpg",
	"price": "3,48",
	"volume": "0.5l",
	"description": "Kastanjanruskea, täyteläinen, keskiasteisesti humaloitu, karamellimaltainen, kevyen luumuinen, hennon lakritsinen, hennon yrttinen",
	"abvPercent": "6.7",
	"beerType": "tumma lager",
	"pricePerLitre": "6.76 EUR",
	"packageType": "pullo",
	"manufacturer": "Saku ölletehas",
	"ibuScale": "18.8 EBU",
	"platoScale": "15.4 &deg;P",
	"ebc": "111.0 EBC"
},
{
	"name": "Samuel Smith Organic Apricot",
	"country": "Englanti",
	"imgUrl": "//cdn.alko.fi/ProductImages/Scaled/783494/product.jpg",
	"price": "6,54",
	"volume": "0.355l",
	"description": "Kullankeltainen, samea, keskitäyteläinen, miedosti humaloitu, kypsän sitruksinen, runsaan aprikoosinen, raikas",
	"abvPercent": "5.1",
	"beerType": "erikoisuus",
	"pricePerLitre": "18.42 EUR",
	"packageType": "pullo",
	"manufacturer": "Samuel Smith Brewery",
	"ibuScale": "11.0 EBU",
	"platoScale": "16.5 &deg;P",
	"ebc": "0.53 EBC"
},
{
	"name": "Samuel Smith Organic Chocolate Stout",
	"country": "Englanti",
	"imgUrl": "//cdn.alko.fi/ProductImages/Scaled/755886/product.jpg",
	"price": "6,16",
	"volume": "0.55l",
	"description": "Ruskeanmusta, täyteläinen, keskiasteisesti humaloitu, suklaamaltainen, kaakaoinen, mausteinen",
	"abvPercent": "5.0",
	"beerType": "stout & porter",
	"pricePerLitre": "11.02 EUR",
	"packageType": "pullo",
	"manufacturer": "Samuel Smith Brewery",
	"platoScale": "14.0 &deg;P",
	"ebc": "133.0 EBC"
},
{
	"name": "Samuel Smith Organic Lager",
	"country": "Englanti",
	"imgUrl": "//cdn.alko.fi/ProductImages/Scaled/746046/product.jpg",
	"price": "7,22",
	"volume": "0.55l",
	"description": "Vaaleankeltainen, keskitäyteläinen, keskiasteisesti humaloitu, kevyen viljainen, hennon hedelmäinen, raikas",
	"abvPercent": "5.0",
	"beerType": "lager",
	"pricePerLitre": "13.13 EUR",
	"packageType": "pullo",
	"manufacturer": "Samuel Smith",
	"ibuScale": "20.0 EBU",
	"platoScale": "11.2 &deg;P",
	"ebc": "0.46 EBC"
},
{
	"name": "Samuel Smith Organic Pale Ale",
	"country": "Englanti",
	"imgUrl": "//cdn.alko.fi/ProductImages/Scaled/712976/product.jpg",
	"price": "7,22",
	"volume": "0.55l",
	"description": "Meripihkanruskea, keskitäyteläinen, keskiasteisesti humaloitu, maltainen, kuivahedelmäinen, kevyen siirappinen, hennon mausteinen",
	"abvPercent": "5.0",
	"beerType": "ale",
	"pricePerLitre": "13.13 EUR",
	"packageType": "pullo",
	"manufacturer": "Samuel Smith",
	"ibuScale": "31.0 EBU",
	"platoScale": "12.4 &deg;P",
	"ebc": "0.35 EBC"
},
{
	"name": "Samuel Smith Organic Raspberry",
	"country": "Englanti",
	"imgUrl": "//cdn.alko.fi/ProductImages/Scaled/788774/product.jpg",
	"price": "6,54",
	"volume": "0.355l",
	"description": "Kuparinpunainen, keskitäyteläinen, miedosti humaloitu, sitruksinen, runsaan vadelmainen, raikas",
	"abvPercent": "5.1",
	"beerType": "erikoisuus",
	"pricePerLitre": "18.42 EUR",
	"packageType": "pullo",
	"manufacturer": "Samuel Smith",
	"ibuScale": "11.0 EBU",
	"platoScale": "10.7 &deg;P",
	"ebc": "40.0 EBC"
},
{
	"name": "Samuel Smith Taddy Porter",
	"country": "Englanti",
	"imgUrl": "//cdn.alko.fi/ProductImages/Scaled/786804/product.jpg",
	"price": "4,33",
	"volume": "0.355l",
	"description": "Kahvinruskea, täyteläinen, voimakkaasti humaloitu, karamellimaltainen, tummasuklainen, kahvinen, runsas",
	"abvPercent": "5.0",
	"beerType": "stout & porter",
	"pricePerLitre": "11.92 EUR",
	"packageType": "pullo",
	"manufacturer": "Samuel Smith Brewery",
	"ibuScale": "25.5 EBU",
	"platoScale": "12.2 &deg;P",
	"ebc": "125.0 EBC"
},
{
	"name": "Sandels A 8-pack  tölkki",
	"country": "Suomi",
	"imgUrl": "//cdn.alko.fi/ProductImages/Scaled/798688/product.jpg",
	"price": "15,60",
	"volume": "2.64l",
	"description": "Keltainen, keskitäyteläinen, keskiasteisesti humaloitu, maltainen, hedelmäinen, pehmeä",
	"abvPercent": "5.3",
	"beerType": "lager",
	"pricePerLitre": "5.45 EUR",
	"packageType": "tölkki",
	"manufacturer": "Olvi",
	"ibuScale": "15.1 EBU",
	"platoScale": "11.9 &deg;P",
	"ebc": "8.2 EBC"
},
{
	"name": "Sandels A  tölkki",
	"country": "Suomi",
	"imgUrl": "//cdn.alko.fi/ProductImages/Scaled/798684/product.jpg",
	"price": "1,95",
	"volume": "0.33l",
	"description": "Keltainen, keskitäyteläinen, keskiasteisesti humaloitu, maltainen, hedelmäinen, pehmeä",
	"abvPercent": "5.3",
	"beerType": "lager",
	"pricePerLitre": "5.45 EUR",
	"packageType": "tölkki",
	"manufacturer": "Olvi",
	"ibuScale": "15.1 EBU",
	"platoScale": "11.9 &deg;P",
	"ebc": "8.2 EBC"
},
{
	"name": "Sandels Special Edition",
	"country": "Suomi",
	"imgUrl": "//cdn.alko.fi/ProductImages/Scaled/788674/product.jpg",
	"price": "1,97",
	"volume": "0.33l",
	"description": "Keltainen, keskitäyteläinen, keskiasteisesti humaloitu, maltainen, hedelmäinen, pehmeä",
	"abvPercent": "5.3",
	"beerType": "lager",
	"pricePerLitre": "5.67 EUR",
	"packageType": "pullo",
	"manufacturer": "Olvi",
	"ibuScale": "12.0 EBU",
	"platoScale": "11.6 &deg;P",
	"ebc": "8.9 EBC"
},
{
	"name": "San Miguel Especial",
	"country": "Espanja",
	"imgUrl": "//cdn.alko.fi/ProductImages/Scaled/784874/product.jpg",
	"price": "2,39",
	"volume": "0.33l",
	"description": "Oljenkeltainen, kevyt, miedosti humaloitu, keksinen, hedelmäinen, raikas",
	"abvPercent": "5.4",
	"beerType": "lager",
	"pricePerLitre": "6.94 EUR",
	"packageType": "pullo",
	"manufacturer": "San Miguel",
	"ibuScale": "17.6 EBU",
	"platoScale": "12.9 &deg;P",
	"ebc": "8.7 EBC"
},
{
	"name": "Schöfferhofer Hefeweizen",
	"country": "Saksa",
	"imgUrl": "//cdn.alko.fi/ProductImages/Scaled/744876/product.jpg",
	"price": "3,69",
	"volume": "0.5l",
	"description": "Oljenkeltainen, samea, keskitäyteläinen, keskiasteisesti humaloitu, hedelmäinen, hennon sitruksinen, banaaninen, kevyen mausteinen",
	"abvPercent": "5.0",
	"beerType": "vehnäolut",
	"pricePerLitre": "7.18 EUR",
	"packageType": "pullo",
	"manufacturer": "Schöfferhofer Weizenbier",
	"ibuScale": "17.6 EBU",
	"platoScale": "11.2 &deg;P",
	"ebc": "14.4 EBC"
},
{
	"name": "Schmucker Rose Bock",
	"country": "Saksa",
	"imgUrl": "//cdn.alko.fi/ProductImages/Scaled/725426/product.jpg",
	"price": "4,18",
	"volume": "0.5l",
	"description": "Kuparinpunainen, täyteläinen, keskiasteisesti humaloitu, karamellimaltainen, hedelmätorttuinen, kevyen kermainen, lääkeyrttinen",
	"abvPercent": "8.0",
	"beerType": "vahva lager",
	"pricePerLitre": "8.16 EUR",
	"packageType": "pullo",
	"manufacturer": "Privat-Brauerei Schmucker",
	"ibuScale": "27.5 EBU",
	"platoScale": "18.4 &deg;P",
	"ebc": "32.7 EBC"
},
{
	"name": "Schneider Weisse Tap 2 Mein Kristall",
	"country": "Saksa",
	"imgUrl": "//cdn.alko.fi/ProductImages/Scaled/727236/product.jpg",
	"price": "3,77",
	"volume": "0.5l",
	"description": "Viljankeltainen, kevyt, miedosti humaloitu, sitruksinen, kevyen banaaninen, hennon kukkainen, yrttinen, raikas",
	"abvPercent": "5.3",
	"beerType": "vehnäolut",
	"pricePerLitre": "7.34 EUR",
	"packageType": "pullo",
	"manufacturer": "G. Schneider & Sohn",
	"ibuScale": "11.9 EBU",
	"platoScale": "12.2 &deg;P",
	"ebc": "7.2 EBC"
},
{
	"name": "Schneider Weisse Tap 4 Mein Grunes",
	"country": "Saksa",
	"imgUrl": "//cdn.alko.fi/ProductImages/Scaled/726056/product.jpg",
	"price": "4,19",
	"volume": "0.5l",
	"description": "Kullanruskea, keskitäyteläinen, keskiasteisesti humaloitu, vehnäinen, maltainen, sitruksinen, yrttinen, kevyen kukkainen, runsas",
	"abvPercent": "6.2",
	"beerType": "vehnäolut",
	"pricePerLitre": "8.18 EUR",
	"packageType": "pullo",
	"manufacturer": "G. Schneider & Sohn",
	"ibuScale": "23.1 EBU",
	"platoScale": "14.0 &deg;P",
	"ebc": "14.8 EBC"
},
{
	"name": "Schneider Weisse Tap 5 Meine Hopfenweisse",
	"country": "Saksa",
	"imgUrl": "//cdn.alko.fi/ProductImages/Scaled/712256/product.jpg",
	"price": "4,98",
	"volume": "0.5l",
	"description": "Kinuskinruskea, samea, keskitäyteläinen, voimakkaasti humaloitu, vehnäinen, kypsän hedelmäinen, yrttinen, runsas, lämmin",
	"abvPercent": "8.2",
	"beerType": "vehnäolut",
	"pricePerLitre": "9.76 EUR",
	"packageType": "pullo",
	"manufacturer": "G. Schneider & Sohn",
	"ibuScale": "34.3 EBU",
	"platoScale": "18.7 &deg;P",
	"ebc": "19.1 EBC"
},
{
	"name": "Schneider Weisse Tap 6 Unser Aventinus",
	"country": "Saksa",
	"imgUrl": "//cdn.alko.fi/ProductImages/Scaled/794646/product.jpg",
	"price": "4,49",
	"volume": "0.5l",
	"description": "Ruskea, samea, täyteläinen, miedosti humaloitu, kypsän hedelmäinen, hennon sitruksinen, kevyen banaaninen, kermainen, lämmin",
	"abvPercent": "8.2",
	"beerType": "vehnäolut",
	"pricePerLitre": "8.78 EUR",
	"packageType": "pullo",
	"manufacturer": "Weisses Bräuhaus G. Schneider & Sohn",
	"ibuScale": "13.9 EBU",
	"platoScale": "18.6 &deg;P",
	"ebc": "52.0 EBC"
},
{
	"name": "Shepherd Neame Brilliant Ale",
	"country": "Englanti",
	"imgUrl": "//cdn.alko.fi/ProductImages/Scaled/766796/product.jpg",
	"price": "4,19",
	"volume": "0.5l",
	"description": "Kullankeltainen, keskitäyteläinen, keskiasteisesti humaloitu, hedelmäinen, aprikoosinen, pähkinäinen, kermatoffeinen, hennon yrttinen, tasapainoinen",
	"abvPercent": "5.6",
	"beerType": "ale",
	"pricePerLitre": "8.18 EUR",
	"packageType": "pullo",
	"manufacturer": "Shepherd Neame",
	"ibuScale": "27.4 EBU",
	"platoScale": "13.1 &deg;P",
	"ebc": "13.8 EBC"
},
{
	"name": "Shepherd Neame India Pale Ale",
	"country": "Englanti",
	"imgUrl": "//cdn.alko.fi/ProductImages/Scaled/785516/product.jpg",
	"price": "4,19",
	"volume": "0.5l",
	"description": "Mahonginruskea, keskitäyteläinen, voimakkaasti humaloitu, hedelmäinen, kuivatun aprikoosinen, kevyen kinuskinen, mausteinen, tasapainoinen",
	"abvPercent": "6.1",
	"beerType": "ale",
	"pricePerLitre": "8.18 EUR",
	"packageType": "pullo",
	"manufacturer": "Shepherd Neame",
	"ibuScale": "39.9 EBU",
	"platoScale": "13.4 &deg;P",
	"ebc": "30.2 EBC"
},
{
	"name": "Sierra Nevada Hop Hunter IPA",
	"country": "Yhdysvallat",
	"imgUrl": "//cdn.alko.fi/ProductImages/Scaled/937264/product.jpg",
	"price": "4,48",
	"volume": "0.35l",
	"description": "Kullankeltainen, samea, keskitäyteläinen, voimakkaasti humaloitu, viljainen, hedelmäinen, mausteinen",
	"abvPercent": "6.2",
	"beerType": "ale",
	"pricePerLitre": "12.51 EUR",
	"packageType": "pullo",
	"manufacturer": "Sierra Nevada",
	"ibuScale": "56.8 EBU",
	"platoScale": "13.9 &deg;P",
	"ebc": "13.8 EBC"
},
{
	"name": "Sierra Nevada Pale Ale",
	"country": "Yhdysvallat",
	"imgUrl": "//cdn.alko.fi/ProductImages/Scaled/723974/product.jpg",
	"price": "3,98",
	"volume": "0.35l",
	"description": "Kullankeltainen, keskitäyteläinen, voimakkaasti humaloitu, sitruksinen, greippinen, hennon kukkainen, yrttinen",
	"abvPercent": "5.6",
	"beerType": "ale",
	"pricePerLitre": "11.09 EUR",
	"packageType": "pullo",
	"manufacturer": "Sierra Nevada",
	"ibuScale": "33.0 EBU",
	"platoScale": "13.1 &deg;P",
	"ebc": "22.8 EBC"
},
{
	"name": "Sierra Nevada Torpedo Extra IPA",
	"country": "Yhdysvallat",
	"imgUrl": "//cdn.alko.fi/ProductImages/Scaled/938254/product.jpg",
	"price": "4,29",
	"volume": "0.35l",
	"description": "Kuparinruskea, täyteläinen, voimakkaasti humaloitu, viljainen, hedelmäinen",
	"abvPercent": "7.2",
	"beerType": "ale",
	"pricePerLitre": "11.97 EUR",
	"packageType": "pullo",
	"manufacturer": "Sierra Nevada",
	"ibuScale": "58.0 EBU",
	"platoScale": "16.8 &deg;P",
	"ebc": "34.0 EBC"
},
{
	"name": "Simapaja Innkeeper´s Daughter Hunajasima",
	"country": "Suomi",
	"imgUrl": "//cdn.alko.fi/ProductImages/Scaled/933137/product.jpg",
	"price": "13,72",
	"volume": "0.75l",
	"description": "Vähän hapokas, hedelmäinen, sitruksinen, mausteinen",
	"abvPercent": "6.2",
	"beerType": "erikoisuus",
	"pricePerLitre": "18.16 EUR",
	"packageType": "pullo",
	"manufacturer": "Simapaja"
},
{
	"name": "Simapaja Wandering Minstrel kuiva hunajasima",
	"country": "Suomi",
	"imgUrl": "//cdn.alko.fi/ProductImages/Scaled/941167/product.jpg",
	"price": "15,77",
	"volume": "0.75l",
	"description": "Vähän hapokas, sitruksinen, mausteinen, samea",
	"abvPercent": "10.0",
	"beerType": "erikoisuus",
	"pricePerLitre": "20.89 EUR",
	"packageType": "pullo",
	"manufacturer": "Simapaja"
},
{
	"name": "Sinebrychoff Porter",
	"country": "Suomi",
	"imgUrl": "//cdn.alko.fi/ProductImages/Scaled/770014/product.jpg",
	"price": "2,94",
	"volume": "0.33l",
	"description": "Musta, runsasvaahtoinen, täyteläinen, voimakkaasti humaloitu, makean maltainen, tummasuklainen, paahteinen, mausteinen, runsas, pitkä",
	"abvPercent": "7.2",
	"beerType": "stout & porter",
	"pricePerLitre": "8.61 EUR",
	"packageType": "pullo",
	"manufacturer": "Sinebrychoff",
	"ibuScale": "38.7 EBU",
	"platoScale": "17.5 &deg;P",
	"ebc": "326.0 EBC"
},
{
	"name": "Singha",
	"country": "Thaimaa",
	"imgUrl": "//cdn.alko.fi/ProductImages/Scaled/799664/product.jpg",
	"price": "2,49",
	"volume": "0.33l",
	"description": "Vaaleankeltainen, kevyt, keskiasteisesti humaloitu, kevyen maltainen, hennon yrttinen",
	"abvPercent": "5.0",
	"beerType": "lager",
	"pricePerLitre": "7.24 EUR",
	"packageType": "pullo",
	"manufacturer": "Pathumthani Brewery",
	"ibuScale": "15.8 EBU",
	"platoScale": "10.8 &deg;P",
	"ebc": "7.4 EBC"
},
{
	"name": "Siperia Imperial Stout",
	"country": "Suomi",
	"imgUrl": "//cdn.alko.fi/ProductImages/Scaled/760344/product.jpg",
	"price": "5,86",
	"volume": "0.33l",
	"description": "Mustanruskea, täyteläinen, erittäin voimakkaasti humaloitu, paahtomaltainen, tummasuklainen, kuivahedelmäinen, tasapainoinen, runsas",
	"abvPercent": "8.0",
	"beerType": "stout & porter",
	"pricePerLitre": "17.76 EUR",
	"packageType": "pullo",
	"manufacturer": "Panimoravintola Plevna",
	"ibuScale": "87.5 EBU",
	"platoScale": "19.7 &deg;P",
	"ebc": "299.0 EBC"
},
{
	"name": "Smuttynose Finestkind IPA",
	"country": "Yhdysvallat",
	"imgUrl": "//cdn.alko.fi/ProductImages/Scaled/736204/product.jpg",
	"price": "4,98",
	"volume": "0.355l",
	"description": "Kullankeltainen, keskitäyteläinen, voimakkaasti humaloitu, sitruksinen, kukkainen, hennon hunajainen, yrttinen, tasapainoinen",
	"abvPercent": "6.9",
	"beerType": "ale",
	"pricePerLitre": "14.03 EUR",
	"packageType": "pullo",
	"manufacturer": "Smuttynose Brewing",
	"ibuScale": "74.4 EBU",
	"platoScale": "15.6 &deg;P",
	"ebc": "21.3 EBC"
},
{
	"name": "Sunner Kölsch",
	"country": "Saksa",
	"imgUrl": "//cdn.alko.fi/ProductImages/Scaled/781456/product.jpg",
	"price": "3,58",
	"volume": "0.5l",
	"description": "Oljenkeltainen, kevyt, keskiasteisesti humaloitu, viljainen, hennon sitruksinen",
	"abvPercent": "4.8",
	"beerType": "erikoisuus",
	"pricePerLitre": "6.96 EUR",
	"packageType": "pullo",
	"manufacturer": "Brauerei Sunner",
	"ibuScale": "19.5 EBU",
	"platoScale": "11.1 &deg;P",
	"ebc": "9.8 EBC"
},
{
	"name": "Sofiero Original",
	"country": "Ruotsi",
	"imgUrl": "//cdn.alko.fi/ProductImages/Scaled/906074/product.jpg",
	"price": "2,68",
	"volume": "0.33l",
	"description": "Keltainen, keskitäyteläinen, keskiasteisesti humaloitu,viljainen, hedelmäinen, mausteinen",
	"abvPercent": "5.2",
	"beerType": "lager",
	"pricePerLitre": "7.82 EUR",
	"packageType": "pullo",
	"manufacturer": "Kopparbergs Bryggeri",
	"ibuScale": "25.0 EBU",
	"platoScale": "10.9 &deg;P",
	"ebc": "8.5 EBC"
},
{
	"name": "Sol",
	"country": "Meksiko",
	"imgUrl": "//cdn.alko.fi/ProductImages/Scaled/009716/product.jpg",
	"price": "2,32",
	"volume": "0.33l",
	"description": "Vaaleankeltainen, kevyt, miedosti humaloitu, makean viljainen",
	"abvPercent": "4.5",
	"beerType": "lager",
	"pricePerLitre": "6.73 EUR",
	"packageType": "pullo",
	"manufacturer": "Cerveceria Moctezuma",
	"ibuScale": "11.9 EBU",
	"platoScale": "10.7 &deg;P",
	"ebc": "8.4 EBC"
},
{
	"name": "Sonnisaari Aprikosmos Sessio IPA",
	"country": "Suomi",
	"imgUrl": "//cdn.alko.fi/ProductImages/Scaled/701784/product.jpg",
	"price": "4,93",
	"volume": "0.33l",
	"description": "Meripihkankeltainen, samea, täyteläinen, erittäin voimakkaasti humaloitu, sitruksinen, aprikoosinen, kevyen karamellinen, yrttinen",
	"abvPercent": "5.5",
	"beerType": "ale",
	"pricePerLitre": "14.94 EUR",
	"packageType": "pullo",
	"manufacturer": "Sonnisaari Panimo",
	"ibuScale": "88.6 EBU",
	"platoScale": "12.9 &deg;P",
	"ebc": "23.8 EBC"
},
{
	"name": "Sonnisaari Humalaja IPA",
	"country": "Suomi",
	"imgUrl": "//cdn.alko.fi/ProductImages/Scaled/914034/product.jpg",
	"price": "5,30",
	"volume": "0.33l",
	"description": "Vaaleanruskea, keskitäyteläinen, erittäin voimakkaasti humaloitu, hedelmäinen, sitruksinen, greippinen",
	"abvPercent": "6.7",
	"beerType": "ale",
	"pricePerLitre": "16.06 EUR",
	"packageType": "pullo",
	"manufacturer": "Sonnisaari Panimo Oy",
	"ibuScale": "96.7 EBU",
	"platoScale": "16.0 &deg;P",
	"ebc": "18.3 EBC"
},
{
	"name": "Sori Brewing Coffee Gorilla",
	"country": "Viro",
	"imgUrl": "//cdn.alko.fi/ProductImages/Scaled/936174/product.jpg",
	"price": "4,40",
	"volume": "0.33l",
	"description": "Mustanruskea, samea, täyteläinen, voimakkaasti humaloitu, paahteinen, mausteinen",
	"abvPercent": "7.0",
	"beerType": "stout & porter",
	"pricePerLitre": "13.33 EUR",
	"packageType": "pullo",
	"manufacturer": "Sori Brewing",
	"ibuScale": "45.0 EBU",
	"platoScale": "18.4 &deg;P",
	"ebc": "170.0 EBC"
},
{
	"name": "Sori Brewing Dark Humor Club",
	"country": "Viro",
	"imgUrl": "//cdn.alko.fi/ProductImages/Scaled/916524/product.jpg",
	"price": "4,98",
	"volume": "0.33l",
	"description": "Mustanruskea, samea, voimakkaasti humaloitu, paahteinen, mausteinen, karamellinen",
	"abvPercent": "8.0",
	"beerType": "stout & porter",
	"pricePerLitre": "15.09 EUR",
	"packageType": "pullo",
	"manufacturer": "Sori Brewing",
	"ibuScale": "48.0 EBU",
	"platoScale": "22.1 &deg;P",
	"ebc": "264.0 EBC"
},
{
	"name": "Sori Brewing Dark Humor Club Hot Chocolate Imperial Stout",
	"country": "Viro",
	"imgUrl": "//cdn.alko.fi/ProductImages/Scaled/729944/product.jpg",
	"price": "5,19",
	"volume": "0.33l",
	"description": "Ruskeanmusta, erittäin täyteläinen, voimakkaasti humaloitu, suklaamaltainen, luumuinen, kahvinen, hennon pomeranssinen, lämmin",
	"abvPercent": "10.2",
	"beerType": "stout & porter",
	"pricePerLitre": "15.73 EUR",
	"packageType": "pullo",
	"manufacturer": "Sori Brewing",
	"ibuScale": "36.1 EBU",
	"platoScale": "25.6 &deg;P",
	"ebc": "293.0 EBC"
},
{
	"name": "Sori Brewing Delirious Imperial IPA",
	"country": "Viro",
	"imgUrl": "//cdn.alko.fi/ProductImages/Scaled/913174/product.jpg",
	"price": "4,99",
	"volume": "0.33l",
	"description": "Kullanruskea, täyteläinen, erittäin voimakkaasti humaloitu, greippinen, havuinen, sitruksinen",
	"abvPercent": "8.1",
	"beerType": "ale",
	"pricePerLitre": "14.82 EUR",
	"packageType": "pullo",
	"manufacturer": "Sori Brewing",
	"ibuScale": "81.0 EBU",
	"platoScale": "17.8 &deg;P",
	"ebc": "26.0 EBC"
},
{
	"name": "Sori Brewing Great Scott!",
	"country": "Viro",
	"imgUrl": "//cdn.alko.fi/ProductImages/Scaled/705114/product.jpg",
	"price": "3,88",
	"volume": "0.33l",
	"description": "Kullanruskea, samea, keskitäyteläinen, voimakkaasti humaloitu, hedelmäinen, kypsän greippinen, yrttinen, pitkä",
	"abvPercent": "5.1",
	"beerType": "ale",
	"pricePerLitre": "11.76 EUR",
	"packageType": "pullo",
	"manufacturer": "Sori Brewing",
	"ibuScale": "48.2 EBU",
	"platoScale": "13.3 &deg;P",
	"ebc": "25.4 EBC"
},
{
	"name": "Sori Brewing Investor IPA",
	"country": "Viro",
	"imgUrl": "//cdn.alko.fi/ProductImages/Scaled/928644/product.jpg",
	"price": "3,99",
	"volume": "0.33l",
	"description": "Meripihkankeltainen, samea, täyteläinen, voimakkaasti humaloitu, sitruksinen, yrttinen, hennon kukkainen, mausteinen",
	"abvPercent": "6.9",
	"beerType": "ale",
	"pricePerLitre": "11.79 EUR",
	"packageType": "pullo",
	"manufacturer": "Sori Brewing",
	"ibuScale": "84.7 EBU",
	"platoScale": "17.1 &deg;P",
	"ebc": "28.9 EBC"
},
{
	"name": "Sori Brewing Laudatur XVI",
	"country": "Viro",
	"imgUrl": "//cdn.alko.fi/ProductImages/Scaled/959844/product.jpg",
	"price": "7,99",
	"volume": "0.33l",
	"description": "Punaruskea, erittäin täyteläinen, voimakkaasti humaloitu, maltainen, savuinen",
	"abvPercent": "11.0",
	"beerType": "ale",
	"pricePerLitre": "24.21 EUR",
	"packageType": "pullo",
	"manufacturer": "Sori Brewing",
	"ibuScale": "53.0 EBU",
	"platoScale": "25.2 &deg;P",
	"ebc": "198.0 EBC"
},
{
	"name": "Sori Brewing Vanilla Cake Fever",
	"country": "Viro",
	"imgUrl": "//cdn.alko.fi/ProductImages/Scaled/798894/product.jpg",
	"price": "5,20",
	"volume": "0.33l",
	"description": "Ruskeanmusta, erittäin täyteläinen, keskiasteisesti humaloitu, runsaan suklaamaltainen, kuivahedelmäinen, vaniljainen, kahvinen, mausteinen, kevyen yrttinen, runsas",
	"abvPercent": "9.9",
	"beerType": "stout & porter",
	"pricePerLitre": "15.76 EUR",
	"packageType": "pullo",
	"manufacturer": "Sori Brewing",
	"ibuScale": "53.0 EBU",
	"platoScale": "24.9 &deg;P",
	"ebc": "253.0 EBC"
},
{
	"name": "Spaten Munchen",
	"country": "Saksa",
	"imgUrl": "//cdn.alko.fi/ProductImages/Scaled/752956/product.jpg",
	"price": "3,48",
	"volume": "0.5l",
	"description": "Oljenkeltainen, keskitäyteläinen, keskiasteisesti humaloitu, viljainen, kevyen yrttinen, tasapainoinen",
	"abvPercent": "5.2",
	"beerType": "lager",
	"pricePerLitre": "6.76 EUR",
	"packageType": "pullo",
	"manufacturer": "Spaten-Franziskaner-Bräu",
	"ibuScale": "17.2 EBU",
	"platoScale": "11.7 &deg;P",
	"ebc": "7.4 EBC"
},
{
	"name": "Spencer Trappist Ale",
	"country": "Yhdysvallat",
	"imgUrl": "//cdn.alko.fi/ProductImages/Scaled/716964/product.jpg",
	"price": "7,08",
	"volume": "0.33l",
	"description": "Kullanruskea, samea, runsasvaahtoinen, täyteläinen, keskiasteisesti humaloitu, mallaskeksinen, kuivahedelmäinen, kermainen, hunajainen, mausteinen, tasapainoinen",
	"abvPercent": "6.5",
	"beerType": "erikoisuus",
	"pricePerLitre": "21.45 EUR",
	"packageType": "pullo",
	"manufacturer": "Spencer Brewery",
	"ibuScale": "21.4 EBU",
	"platoScale": "14.3 &deg;P",
	"ebc": "21.6 EBC"
},
{
	"name": "Spencer Trappist Ale",
	"country": "Yhdysvallat",
	"imgUrl": "//cdn.alko.fi/ProductImages/Scaled/754284/product.jpg",
	"price": "7,07",
	"volume": "0.33l",
	"description": "Kullankeltainen, samea, keskitäyteläinen, keskiasteisesti humaloitu, mallaskeksinen, aprikoosinen, kevyen valkopippurinen",
	"abvPercent": "6.5",
	"beerType": "erikoisuus",
	"pricePerLitre": "21.42 EUR",
	"packageType": "pullo",
	"manufacturer": "Spencer Brewery",
	"ibuScale": "21.4 EBU",
	"platoScale": "14.3 &deg;P",
	"ebc": "21.6 EBC"
},
{
	"name": "St. Feuillien Tripel",
	"country": "Belgia",
	"imgUrl": "//cdn.alko.fi/ProductImages/Scaled/744424/product.jpg",
	"price": "4,40",
	"volume": "0.33l",
	"description": "Kullankeltainen, samea, täyteläinen, keskiasteisesti humaloitu, mallaskeksinen, sitruksinen, keltaluumuinen, mausteinen, tasapainoinen",
	"abvPercent": "8.5",
	"beerType": "ale",
	"pricePerLitre": "13.03 EUR",
	"packageType": "pullo",
	"manufacturer": "St. Feuillien",
	"ibuScale": "20.4 EBU",
	"platoScale": "17.7 &deg;P",
	"ebc": "8.6 EBC"
},
{
	"name": "St. Peter´s Cream Stout",
	"country": "Englanti",
	"imgUrl": "//cdn.alko.fi/ProductImages/Scaled/789926/product.jpg",
	"price": "4,99",
	"volume": "0.5l",
	"description": "Ruskeanmusta, täyteläinen, keskiasteisesti humaloitu, suklaamaltainen, mämminen, lakritsinen, vivahteikas",
	"abvPercent": "6.5",
	"beerType": "stout & porter",
	"pricePerLitre": "9.78 EUR",
	"packageType": "pullo",
	"manufacturer": "St. Peter's Brewery",
	"ibuScale": "24.4 EBU",
	"platoScale": "16.5 &deg;P",
	"ebc": "224.0 EBC"
},
{
	"name": "Stadin High Sleep Evening IPA",
	"country": "Suomi",
	"imgUrl": "//cdn.alko.fi/ProductImages/Scaled/728204/product.jpg",
	"price": "6,00",
	"volume": "0.33l",
	"description": "Meripihkankeltainen, runsasvaahtoinen, keskitäyteläinen, voimakkaasti humaloitu, sitruksinen, hedelmäinen, kevyen greippinen, raikas",
	"abvPercent": "7.2",
	"beerType": "ale",
	"pricePerLitre": "17.88 EUR",
	"packageType": "pullo",
	"manufacturer": "Stadin Panimo",
	"ibuScale": "50.3 EBU",
	"platoScale": "16.0 &deg;P",
	"ebc": "18.6 EBC"
},
{
	"name": "Stadin Panimo American Barley Wine",
	"country": "Suomi",
	"imgUrl": "//cdn.alko.fi/ProductImages/Scaled/708404/product.jpg",
	"price": "5,41",
	"volume": "0.33l",
	"description": "Kastanjanruskea, täyteläinen, voimakkaasti humaloitu, karamellimaltainen, hedelmäinen, kypsän sitruksinen, pähkinäinen, runsas",
	"abvPercent": "8.0",
	"beerType": "erikoisuus",
	"pricePerLitre": "16.09 EUR",
	"packageType": "pullo",
	"manufacturer": "Stadin Panimo",
	"ibuScale": "57.3 EBU",
	"platoScale": "17.7 &deg;P",
	"ebc": "46.7 EBC"
},
{
	"name": "Stadin Panimo American Black Lager",
	"country": "Suomi",
	"imgUrl": "//cdn.alko.fi/ProductImages/Scaled/701204/product.jpg",
	"price": "5,57",
	"volume": "0.33l",
	"description": "Tummanruskea, keskitäyteläinen, voimakkaasti humaloitu, paahtomaltainen, luumuinen, yrttinen, aromikas",
	"abvPercent": "5.3",
	"beerType": "tumma lager",
	"pricePerLitre": "16.58 EUR",
	"packageType": "pullo",
	"manufacturer": "Stadin Panimo",
	"ibuScale": "44.8 EBU",
	"platoScale": "12.9 &deg;P",
	"ebc": "73.7 EBC"
},
{
	"name": "Stadin Panimo American Imperial Porter",
	"country": "Suomi",
	"imgUrl": "//cdn.alko.fi/ProductImages/Scaled/718364/product.jpg",
	"price": "6,01",
	"volume": "0.33l",
	"description": "Tummanruskea, erittäin täyteläinen, voimakkaasti humaloitu, paahtomaltainen, tummasuklainen, kevyen lakritsinen, kukkainen, aromikas",
	"abvPercent": "9.5",
	"beerType": "stout & porter",
	"pricePerLitre": "17.91 EUR",
	"packageType": "pullo",
	"manufacturer": "Stadin Panimo",
	"ibuScale": "34.4 EBU",
	"platoScale": "19.7 &deg;P",
	"ebc": "123.0 EBC"
},
{
	"name": "Stadin Panimo Extra Special Bitter",
	"country": "Suomi",
	"imgUrl": "//cdn.alko.fi/ProductImages/Scaled/727294/product.jpg",
	"price": "5,86",
	"volume": "0.33l",
	"description": "Meripihkankeltainen, samea, keskitäyteläinen, voimakkaasti humaloitu, maltainen, pähkinäinen, yrttinen, hennon mausteinen, pitkä",
	"abvPercent": "5.9",
	"beerType": "ale",
	"pricePerLitre": "17.45 EUR",
	"packageType": "pullo",
	"manufacturer": "Stadin Panimo",
	"ibuScale": "24.9 EBU",
	"platoScale": "14.3 &deg;P",
	"ebc": "25.5 EBC"
},
{
	"name": "Stadin Panimo Gasometer Grapefruit IPA",
	"country": "Suomi",
	"imgUrl": "//cdn.alko.fi/ProductImages/Scaled/783594/product.jpg",
	"price": "5,91",
	"volume": "0.33l",
	"description": "Meripihkanruskea, keskitäyteläinen, voimakkaasti humaloitu, sitruksinen, greippinen, kevyen mausteinen, raikas",
	"abvPercent": "6.5",
	"beerType": "erikoisuus",
	"pricePerLitre": "17.61 EUR",
	"packageType": "pullo",
	"manufacturer": "Stadin Panimo",
	"ibuScale": "49.7 EBU",
	"platoScale": "14.6 &deg;P",
	"ebc": "20.7 EBC"
},
{
	"name": "Stadin Panimo Red Ale",
	"country": "Suomi",
	"imgUrl": "//cdn.alko.fi/ProductImages/Scaled/749074/product.jpg",
	"price": "5,32",
	"volume": "0.33l",
	"description": "Kuparinruskea, keskitäyteläinen, voimakkaasti humaloitu, hedelmäinen, greippinen, kevyen havuinen, mausteinen, runsas",
	"abvPercent": "5.6",
	"beerType": "ale",
	"pricePerLitre": "15.82 EUR",
	"packageType": "pullo",
	"manufacturer": "Stadin Panimo",
	"ibuScale": "57.5 EBU",
	"platoScale": "13.6 &deg;P",
	"ebc": "35.4 EBC"
},
{
	"name": "Stadin Panimo Savuruis Portteri",
	"country": "Suomi",
	"imgUrl": "//cdn.alko.fi/ProductImages/Scaled/703574/product.jpg",
	"price": "5,44",
	"volume": "0.33l",
	"description": "Mahonginruskea, täyteläinen, voimakkaasti humaloitu, ruismaltainen, savuinen, mausteinen, vivahteikas",
	"abvPercent": "6.5",
	"beerType": "erikoisuus",
	"pricePerLitre": "16.18 EUR",
	"packageType": "pullo",
	"manufacturer": "Stadin Panimo",
	"ibuScale": "22.3 EBU",
	"platoScale": "14.4 &deg;P",
	"ebc": "104.0 EBC"
},
{
	"name": "Stadin Panimo South Pacific IPA",
	"country": "Suomi",
	"imgUrl": "//cdn.alko.fi/ProductImages/Scaled/714404/product.jpg",
	"price": "4,98",
	"volume": "0.33l",
	"description": "Kullankeltainen, keskitäyteläinen, voimakkaasti humaloitu, runsaan sitruksinen, kevyen mausteinen, hennon kukkainen, raikas",
	"abvPercent": "5.6",
	"beerType": "ale",
	"pricePerLitre": "15.09 EUR",
	"packageType": "pullo",
	"manufacturer": "Stadin Panimo",
	"ibuScale": "37.7 EBU",
	"platoScale": "11.7 &deg;P",
	"ebc": "18.4 EBC"
},
{
	"name": "Stadin Panimo South Pacific IPL",
	"country": "Suomi",
	"imgUrl": "//cdn.alko.fi/ProductImages/Scaled/735404/product.jpg",
	"price": "4,99",
	"volume": "0.33l",
	"description": "Meripihkankeltainen, keskitäyteläinen, voimakkaasti humaloitu, hedelmäinen, sitruksinen, kevyen aprikoosinen, yrttinen",
	"abvPercent": "5.3",
	"beerType": "lager",
	"pricePerLitre": "14.82 EUR",
	"packageType": "pullo",
	"manufacturer": "Stadin Panimo",
	"ibuScale": "32.4 EBU",
	"platoScale": "11.7 &deg;P",
	"ebc": "14.1 EBC"
},
{
	"name": "Stadin Panimo Ultimator Vaalea Doppelbock",
	"country": "Suomi",
	"imgUrl": "//cdn.alko.fi/ProductImages/Scaled/701134/product.jpg",
	"price": "5,87",
	"volume": "0.33l",
	"description": "Meripihkanruskea, täyteläinen, voimakkaasti humaloitu, mallaskeksinen, hedelmäinen, yrttinen, kevyen kukkainen, vivahteikas",
	"abvPercent": "8.0",
	"beerType": "vahva lager",
	"pricePerLitre": "17.48 EUR",
	"packageType": "pullo",
	"manufacturer": "Stadin Panimo",
	"ibuScale": "54.0 EBU",
	"platoScale": "18.3 &deg;P",
	"ebc": "33.0 EBC"
},
{
	"name": "Stallhagen Baltic Porter",
	"country": "Suomi",
	"imgUrl": "//cdn.alko.fi/ProductImages/Scaled/945664/product.jpg",
	"price": "3,76",
	"volume": "0.33l",
	"description": "Mustanruskea, runsasvaahtoinen, täyteläinen, pähkinäinen, paahteinen",
	"abvPercent": "7.0",
	"beerType": "stout & porter",
	"pricePerLitre": "11.09 EUR",
	"packageType": "pullo",
	"manufacturer": "Stallhagen",
	"ibuScale": "32.6 EBU",
	"platoScale": "17.1 &deg;P",
	"ebc": "192.0 EBC"
},
{
	"name": "Stallhagen IPA Original",
	"country": "Suomi",
	"imgUrl": "//cdn.alko.fi/ProductImages/Scaled/920774/product.jpg",
	"price": "3,59",
	"volume": "0.33l",
	"description": "Kuparinpunainen, keskitäyteläinen, voimakkaasti humaloitu, viljainen, hedelmäinen, mausteinen",
	"abvPercent": "6.0",
	"beerType": "ale",
	"pricePerLitre": "10.58 EUR",
	"packageType": "pullo",
	"manufacturer": "Stallhagen",
	"ibuScale": "50.0 EBU",
	"platoScale": "13.4 &deg;P",
	"ebc": "24.0 EBC"
},
{
	"name": "Stallhagen Pale Ale",
	"country": "Suomi",
	"imgUrl": "//cdn.alko.fi/ProductImages/Scaled/928464/product.jpg",
	"price": "3,13",
	"volume": "0.33l",
	"description": "Kullankeltainen, keskitäyteläinen, keskiasteisesti humaloitu, hedelmäinen, viljainen, sitruksinen",
	"abvPercent": "6.0",
	"beerType": "ale",
	"pricePerLitre": "9.18 EUR",
	"packageType": "pullo",
	"manufacturer": "Stallhagen",
	"ibuScale": "28.0 EBU",
	"platoScale": "14.9 &deg;P",
	"ebc": "8.0 EBC"
},
{
	"name": "Stallhagen Raspberry Stout",
	"country": "Suomi",
	"imgUrl": "//cdn.alko.fi/ProductImages/Scaled/701504/product.jpg",
	"price": "3,45",
	"volume": "0.33l",
	"description": "Tummanruskea, samea, täyteläinen, keskiasteisesti humaloitu, sitruksinen, vadelmainen, yrttinen",
	"abvPercent": "6.0",
	"beerType": "stout & porter",
	"pricePerLitre": "10.15 EUR",
	"packageType": "pullo",
	"manufacturer": "Stallhagen",
	"ibuScale": "16.3 EBU",
	"platoScale": "15.7 &deg;P",
	"ebc": "117.0 EBC"
},
{
	"name": "Stallhagen US Red Ale",
	"country": "Suomi",
	"imgUrl": "//cdn.alko.fi/ProductImages/Scaled/909284/product.jpg",
	"price": "3,63",
	"volume": "0.33l",
	"description": "Kuparinruskea, keskitäyteläinen, voimakkaasti humaloitu, hedelmäinen, mausteinen",
	"abvPercent": "6.0",
	"beerType": "ale",
	"pricePerLitre": "10.7 EUR",
	"packageType": "pullo",
	"manufacturer": "Stallhagen",
	"ibuScale": "34.9 EBU",
	"platoScale": "15.0 &deg;P",
	"ebc": "41.2 EBC"
},
{
	"name": "Staropramen Premium",
	"country": "Tsekki",
	"imgUrl": "//cdn.alko.fi/ProductImages/Scaled/726066/product.jpg",
	"price": "3,15",
	"volume": "0.5l",
	"description": "Meripihkankeltainen, keskitäyteläinen, keskiasteisesti humaloitu, keksinen, hedelmäinen, kevyen yrttinen",
	"abvPercent": "5.0",
	"beerType": "pils",
	"pricePerLitre": "6.1 EUR",
	"packageType": "pullo",
	"manufacturer": "Staropramen",
	"ibuScale": "20.5 EBU",
	"platoScale": "11.5 &deg;P",
	"ebc": "12.9 EBC"
},
{
	"name": "Stella Artois",
	"country": "Belgia",
	"imgUrl": "//cdn.alko.fi/ProductImages/Scaled/797624/product.jpg",
	"price": "3,09",
	"volume": "0.33l",
	"description": "Vaaleankeltainen, keskitäyteläinen, keskiasteisesti humaloitu, keksinen, kevyen hedelmäinen, hennon yrttinen",
	"abvPercent": "5.0",
	"beerType": "lager",
	"pricePerLitre": "9.06 EUR",
	"packageType": "pullo",
	"manufacturer": "InBev Belgium",
	"ibuScale": "12.6 EBU",
	"platoScale": "11.3 &deg;P",
	"ebc": "6.8 EBC"
},
{
	"name": "St Feuillien Blonde",
	"country": "Belgia",
	"imgUrl": "//cdn.alko.fi/ProductImages/Scaled/770464/product.jpg",
	"price": "3,99",
	"volume": "0.33l",
	"description": "Kullankeltainen, samea, runsasvaahtoinen, voimakkaasti humaloitu, täyteläinen, sitruksinen, kevyen aprikoosinen, yrttinen, hennon valkopippurinen, runsas",
	"abvPercent": "7.5",
	"beerType": "ale",
	"pricePerLitre": "11.79 EUR",
	"packageType": "pullo",
	"manufacturer": "Brasserie St Feuillien",
	"ibuScale": "26.0 EBU",
	"platoScale": "16.2 &deg;P",
	"ebc": "11.5 EBC"
},
{
	"name": "Stiegl Pils",
	"country": "Itävalta",
	"imgUrl": "//cdn.alko.fi/ProductImages/Scaled/754726/product.jpg",
	"price": "3,52",
	"volume": "0.5l",
	"description": "Keltainen, kevyt, keskiasteisesti humaloitu, viljainen, keksinen, kevyen hedelmäinen, hennon sitruksinen, jalohumala-arominen, raikas",
	"abvPercent": "4.9",
	"beerType": "pils",
	"pricePerLitre": "6.84 EUR",
	"packageType": "pullo",
	"manufacturer": "Stiegl",
	"ibuScale": "21.6 EBU",
	"platoScale": "11.4 &deg;P",
	"ebc": "5.6 EBC"
},
{
	"name": "Stift Engelszell Benno Trappistenbier",
	"country": "Itävalta",
	"imgUrl": "//cdn.alko.fi/ProductImages/Scaled/723874/product.jpg",
	"price": "5,49",
	"volume": "0.33l",
	"description": "Kinuskinruskea, samea, runsasvaahtoinen, täyteläinen, voimakkaasti humaloitu, hunajamaltainen, aprikoosinen, sitruksinen, pitkä, tasapainoinen",
	"abvPercent": "6.9",
	"beerType": "erikoisuus",
	"pricePerLitre": "16.33 EUR",
	"packageType": "pullo",
	"manufacturer": "Stift Engelszell",
	"ibuScale": "34.0 EBU",
	"platoScale": "14.7 &deg;P",
	"ebc": "38.2 EBC"
},
{
	"name": "Stift Engelszell Gregorius Trappistenbier",
	"country": "Itävalta",
	"imgUrl": "//cdn.alko.fi/ProductImages/Scaled/782574/product.jpg",
	"price": "5,79",
	"volume": "0.33l",
	"description": "Kuparinruskea, samea, runsasvaahtoinen, täyteläinen, voimakkaasti humaloitu, mallaskeksinen, hedelmätorttuinen, kuivatun aprikoosinen, pitkä, tasapainoinen",
	"abvPercent": "10.5",
	"beerType": "erikoisuus",
	"pricePerLitre": "17.24 EUR",
	"packageType": "pullo",
	"manufacturer": "Stift Engelszell",
	"ibuScale": "30.3 EBU",
	"platoScale": "22.5 &deg;P",
	"ebc": "120.0 EBC"
},
{
	"name": "Stift Engelszell Nivard Trappistenbier",
	"country": "Itävalta",
	"imgUrl": "//cdn.alko.fi/ProductImages/Scaled/750274/product.jpg",
	"price": "4,49",
	"volume": "0.33l",
	"description": "Kullankeltainen, samea, runsasvaahtoinen, täyteläinen, voimakkaasti humaloitu, sitruksinen, hedelmäinen, mausteinen, tasapainoinen",
	"abvPercent": "5.5",
	"beerType": "erikoisuus",
	"pricePerLitre": "13.3 EUR",
	"packageType": "pullo",
	"manufacturer": "Stift Engelszell",
	"ibuScale": "30.5 EBU",
	"platoScale": "12.8 &deg;P",
	"ebc": "13.3 EBC"
},
{
	"name": "Stone Arrogant Bastard Bourbon Barrel-Aged",
	"country": "Yhdysvallat",
	"imgUrl": "//cdn.alko.fi/ProductImages/Scaled/907884/product.jpg",
	"price": "7,39",
	"volume": "0.355l",
	"description": "Pähkinänruskea, runsasvaahtoinen, täyteläinen, voimakkaasti humaloitu, maltainen, hedelmäinen, mausteinen, runsas",
	"abvPercent": "8.1",
	"beerType": "ale",
	"pricePerLitre": "20.82 EUR",
	"packageType": "pullo",
	"manufacturer": "Stone Brewing",
	"ibuScale": "83.7 EBU",
	"platoScale": "18.1 &deg;P",
	"ebc": "80.4 EBC"
},
{
	"name": "Stone Cali-Belgique IPA",
	"country": "Yhdysvallat",
	"imgUrl": "//cdn.alko.fi/ProductImages/Scaled/932454/product.jpg",
	"price": "3,98",
	"volume": "0.33l",
	"description": "Kullankeltainen, samea, täyteläinen, voimakkaasti humaloitu, maltainen, sitruksinen, mausteinen, aromikas",
	"abvPercent": "6.9",
	"beerType": "ale",
	"pricePerLitre": "12.06 EUR",
	"packageType": "tölkki",
	"manufacturer": "Stone Brewing",
	"ibuScale": "64.7 EBU",
	"platoScale": "15.0 &deg;P",
	"ebc": "13.5 EBC"
},
{
	"name": "Stone IPA  tölkki",
	"country": "Yhdysvallat",
	"imgUrl": "//cdn.alko.fi/ProductImages/Scaled/715204/product.jpg",
	"price": "3,95",
	"volume": "0.33l",
	"description": "Meripihkankeltainen, täyteläinen, erittäin voimakkaasti humaloitu, sitruksinen, mallaskeksinen, lääkeyrttinen, runsas, pitkä",
	"abvPercent": "6.9",
	"beerType": "ale",
	"pricePerLitre": "11.97 EUR",
	"packageType": "tölkki",
	"manufacturer": "Stone Brewing",
	"ibuScale": "79.3 EBU",
	"platoScale": "16.1 &deg;P",
	"ebc": "19.8 EBC"
},
{
	"name": "Stone Ruination Double IPA 2.0  tölkki",
	"country": "Yhdysvallat",
	"imgUrl": "//cdn.alko.fi/ProductImages/Scaled/797054/product.jpg",
	"price": "4,50",
	"volume": "0.33l",
	"description": "Kullankeltainen, täyteläinen, erittäin voimakkaasti humaloitu, mallaskeksinen, runsaan sitruksinen, aprikoosinen, kevyen kukkainen, yrttinen, tasapainoinen, pitkä",
	"abvPercent": "8.5",
	"beerType": "ale",
	"pricePerLitre": "13.64 EUR",
	"packageType": "tölkki",
	"manufacturer": "Stone Brewing",
	"ibuScale": "85.8 EBU",
	"platoScale": "18.5 &deg;P",
	"ebc": "20.3 EBC"
},
{
	"name": "Stone's Ginger Joe",
	"country": "Englanti",
	"imgUrl": "//cdn.alko.fi/ProductImages/Scaled/787494/product.jpg",
	"price": "2,99",
	"volume": "0.33l",
	"description": "Vaaleankeltainen, kevyt, makea, runsaan inkiväärinen, sitruksinen, mausteinen, raikas",
	"abvPercent": "4.0",
	"beerType": "erikoisuus",
	"pricePerLitre": "8.76 EUR",
	"packageType": "pullo",
	"manufacturer": "Stone's",
	"platoScale": "15.0 &deg;P",
	"ebc": "7.8 EBC"
},
{
	"name": "Stone's Ginger Joe Pear",
	"country": "Englanti",
	"imgUrl": "//cdn.alko.fi/ProductImages/Scaled/912434/product.jpg",
	"price": "2,99",
	"volume": "0.33l",
	"description": "Keltainen, keskitäyteläinen, inkiväärinen, kevyen päärynäinen",
	"abvPercent": "4.0",
	"beerType": "erikoisuus",
	"pricePerLitre": "8.76 EUR",
	"packageType": "pullo",
	"manufacturer": "Stone's",
	"platoScale": "13.0 &deg;P",
	"ebc": "7.4 EBC"
},
{
	"name": "Suomenlinnan Panimo Hoppe IPA",
	"country": "Suomi",
	"imgUrl": "//cdn.alko.fi/ProductImages/Scaled/746826/product.jpg",
	"price": "4,28",
	"volume": "0.5l",
	"description": "Kuparinruskea, täyteläinen, voimakkaasti humaloitu, maltainen, hedelmäinen, kinuskinen, yrttinen, jalohumala-arominen, aromikas",
	"abvPercent": "6.0",
	"beerType": "ale",
	"pricePerLitre": "8.36 EUR",
	"packageType": "pullo",
	"manufacturer": "Suomenlinnan Panimo",
	"ibuScale": "47.8 EBU",
	"platoScale": "14.2 &deg;P",
	"ebc": "32.8 EBC"
},
{
	"name": "Suomenlinnan Panimo Imperial Vehnä Ale IVA",
	"country": "Suomi",
	"imgUrl": "//cdn.alko.fi/ProductImages/Scaled/792546/product.jpg",
	"price": "5,52",
	"volume": "0.5l",
	"description": "Kullankeltainen, keskitäyteläinen, voimakkaasti humaloitu, mallaskeksinen, sitruksinen, kevyen hunajainen, hennon mausteinen",
	"abvPercent": "6.5",
	"beerType": "vehnäolut",
	"pricePerLitre": "10.84 EUR",
	"packageType": "pullo",
	"manufacturer": "Suomenlinnan Panimo",
	"ibuScale": "35.1 EBU",
	"platoScale": "14.8 &deg;P",
	"ebc": "12.9 EBC"
},
{
	"name": "Suomenlinnan Panimo Zander Stout",
	"country": "Suomi",
	"imgUrl": "//cdn.alko.fi/ProductImages/Scaled/797166/product.jpg",
	"price": "6,07",
	"volume": "0.5l",
	"description": "Mustanruskea, samea, runsasvaahtoinen, täyteläinen, voimakkaasti humaloitu, paahtomaltainen, ruisleipäinen, kuivahedelmäinen, tummasuklainen, paahteinen",
	"abvPercent": "8.0",
	"beerType": "stout & porter",
	"pricePerLitre": "11.94 EUR",
	"packageType": "pullo",
	"manufacturer": "Suomenlinnan Panimo",
	"ibuScale": "59.8 EBU",
	"platoScale": "18.5 &deg;P",
	"ebc": "189.0 EBC"
},
{
	"name": "Svaneke Säkkijärven Polkka",
	"country": "Tanska",
	"imgUrl": "//cdn.alko.fi/ProductImages/Scaled/749596/product.jpg",
	"price": "5,99",
	"volume": "0.5l",
	"description": "Tummanruskea, samea, runsasvaahtoinen, keskitäyteläinen, keskiasteisesti humaloitu, karamellimaltainen, toffeinen, lakritsinen, kevyen salmiakkinen, pitkä",
	"abvPercent": "6.5",
	"beerType": "stout & porter",
	"pricePerLitre": "11.78 EUR",
	"packageType": "pullo",
	"manufacturer": "Svaneke Bryghus",
	"ibuScale": "33.1 EBU",
	"platoScale": "14.6 &deg;P",
	"ebc": "158.0 EBC"
},
{
	"name": "Svartå Bryggeri Höstöl - Syysolut",
	"country": "Suomi",
	"imgUrl": "//cdn.alko.fi/ProductImages/Scaled/771354/product.jpg",
	"price": "5,32",
	"volume": "0.33l",
	"description": "Meripihkanruskea, samea, runsasvaahtoinen, keskitäyteläinen, miedosti humaloitu, hunajamaltainen, kevyen aprikoosinen, hennon mausteinen",
	"abvPercent": "5.4",
	"beerType": "ale",
	"pricePerLitre": "16.12 EUR",
	"packageType": "pullo",
	"manufacturer": "Svartå Bryggeri",
	"ibuScale": "27.3 EBU",
	"platoScale": "11.9 &deg;P",
	"ebc": "60.5 EBC"
},
{
	"name": "Teerenpeli Hiihtoniilo",
	"country": "Suomi",
	"imgUrl": "//cdn.alko.fi/ProductImages/Scaled/911844/product.jpg",
	"price": "4,09",
	"volume": "0.33l",
	"description": "Meripihkanruskea, samea, keskitäyteläinen, keskiasteisesti humaloitu, havuinen, maltainen, katajanmarjainen",
	"abvPercent": "5.5",
	"beerType": "ale",
	"pricePerLitre": "12.09 EUR",
	"packageType": "pullo",
	"manufacturer": "Teerenpeli Panimo & Tislaamo",
	"ibuScale": "30.8 EBU",
	"platoScale": "13.4 &deg;P",
	"ebc": "31.6 EBC"
},
{
	"name": "Teerenpeli Jöröjukka",
	"country": "Suomi",
	"imgUrl": "//cdn.alko.fi/ProductImages/Scaled/770904/product.jpg",
	"price": "4,45",
	"volume": "0.33l",
	"description": "Kuparinruskea, täyteläinen, keskiasteisesti humaloitu, mallasleipäinen, pähkinäinen, kevyen hunajainen, hennon mausteinen, yrttinen",
	"abvPercent": "6.5",
	"beerType": "vahva lager",
	"pricePerLitre": "13.18 EUR",
	"packageType": "pullo",
	"manufacturer": "Teerenpeli Panimo",
	"ibuScale": "12.9 EBU",
	"platoScale": "16.7 &deg;P",
	"ebc": "48.9 EBC"
},
{
	"name": "Teerenpeli LAPA Lahti Pale Ale",
	"country": "Suomi",
	"imgUrl": "//cdn.alko.fi/ProductImages/Scaled/947514/product.jpg",
	"price": "3,83",
	"volume": "0.33l",
	"description": "Oranssinpunainen, samea, keskitäyteläinen, keskiasteisesti humaloitu, hedelmäinen, maltainen, sitruksinen",
	"abvPercent": "5.7",
	"beerType": "ale",
	"pricePerLitre": "11.3 EUR",
	"packageType": "pullo",
	"manufacturer": "Teerenpeli Panimo & Tislaamo",
	"ibuScale": "32.0 EBU",
	"platoScale": "13.3 &deg;P",
	"ebc": "23.6 EBC"
},
{
	"name": "Teerenpeli Suomi 100 Juhlaolut",
	"country": "Suomi",
	"imgUrl": "//cdn.alko.fi/ProductImages/Scaled/746014/product.jpg",
	"price": "3,94",
	"volume": "0.33l",
	"description": "Kuparinruskea, samea, keskitäyteläinen, keskiasteisesti humaloitu, karamellimaltainen, paahteinen, kevyen savuinen, mausteinen",
	"abvPercent": "5.0",
	"beerType": "erikoisuus",
	"pricePerLitre": "11.64 EUR",
	"packageType": "pullo",
	"manufacturer": "Teerenpeli Panimo",
	"ibuScale": "18.2 EBU",
	"platoScale": "12.1 &deg;P",
	"ebc": "63.5 EBC"
},
{
	"name": "Terza Rima Dannata l´Ambrata",
	"country": "Italia",
	"imgUrl": "//cdn.alko.fi/ProductImages/Scaled/718146/product.jpg",
	"price": "7,69",
	"volume": "0.5l",
	"description": "Pähkinänruskea, samea, runsasvaahtoinen, täyteläinen, miedosti humaloitu, hedelmätorttuinen, maltainen, luumuinen, siirappinen, kevyen mausteinen, lämmin, pehmeä.",
	"abvPercent": "7.5",
	"beerType": "ale",
	"pricePerLitre": "15.38 EUR",
	"packageType": "pullo",
	"manufacturer": "I.T. Spa Serra San Quirico An Italy",
	"ibuScale": "15.0 EBU",
	"platoScale": "17.6 &deg;P",
	"ebc": "33.8 EBC"
},
{
	"name": "Thornbridge Bracia Rich Dark Ale",
	"country": "Englanti",
	"imgUrl": "//cdn.alko.fi/ProductImages/Scaled/945896/product.jpg",
	"price": "14,99",
	"volume": "0.5l",
	"description": "Mustanruskea, runsasvaahtoinen, täyteläinen, keskiasteisesti humaloitu, maltainen, paahteinen",
	"abvPercent": "10.0",
	"beerType": "ale",
	"pricePerLitre": "29.98 EUR",
	"packageType": "pullo",
	"manufacturer": "Thornbridge",
	"ibuScale": "70.0 EBU",
	"platoScale": "21.7 &deg;P",
	"ebc": "250.0 EBC"
},
{
	"name": "Thornbridge Chiron American Pale",
	"country": "Englanti",
	"imgUrl": "//cdn.alko.fi/ProductImages/Scaled/952874/product.jpg",
	"price": "3,80",
	"volume": "0.33l",
	"description": "Kullankeltainen, runsasvaahtoinen, keskitäyteläinen, keskiasteisesti humaloitu, hedelmäinen, leipäinen, sitruksinen",
	"abvPercent": "5.0",
	"beerType": "ale",
	"pricePerLitre": "11.21 EUR",
	"packageType": "pullo",
	"manufacturer": "Thornbridge",
	"ibuScale": "36.0 EBU",
	"platoScale": "12.8 &deg;P",
	"ebc": "14.2 EBC"
},
{
	"name": "Thornbridge Cocoa Wonderland Chocolate Porter",
	"country": "Englanti",
	"imgUrl": "//cdn.alko.fi/ProductImages/Scaled/935114/product.jpg",
	"price": "3,98",
	"volume": "0.33l",
	"description": "Ruskea, täyteläinen, miedosti humaloitu, kaakaoinen, kahvinen, suklainen",
	"abvPercent": "6.8",
	"beerType": "stout & porter",
	"pricePerLitre": "11.76 EUR",
	"packageType": "pullo",
	"manufacturer": "Thornbridge",
	"ibuScale": "22.0 EBU",
	"platoScale": "16.1 &deg;P",
	"ebc": "90.0 EBC"
},
{
	"name": "Thornbridge Crackendale Citra Pale Ale",
	"country": "Englanti",
	"imgUrl": "//cdn.alko.fi/ProductImages/Scaled/930934/product.jpg",
	"price": "3,85",
	"volume": "0.33l",
	"description": "Kullankeltainen, runsasvaahtoinen, keskitäyteläinen, voimakkaasti humaloitu, leipäinen, sitruksinen, hedelmäinen",
	"abvPercent": "5.2",
	"beerType": "ale",
	"pricePerLitre": "11.36 EUR",
	"packageType": "pullo",
	"manufacturer": "Thornbridge",
	"ibuScale": "46.0 EBU",
	"platoScale": "12.2 &deg;P",
	"ebc": "8.0 EBC"
},
{
	"name": "Thornbridge Days of Creation",
	"country": "Englanti",
	"imgUrl": "//cdn.alko.fi/ProductImages/Scaled/783514/product.jpg",
	"price": "16,98",
	"volume": "0.375l",
	"description": "Punaruskea, keskitäyteläinen, keskiasteisesti humaloitu, viljainen, kypsän sitruksinen, vadelmainen, kevyen mausteinen, raikas",
	"abvPercent": "7.0",
	"beerType": "erikoisuus",
	"pricePerLitre": "45.28 EUR",
	"packageType": "pullo",
	"manufacturer": "Thornbridge",
	"ibuScale": "15.0 EBU",
	"platoScale": "15.0 &deg;P",
	"ebc": "40.0 EBC"
},
{
	"name": "Thornbridge Eldon Bourbon Oak Imperial Stout",
	"country": "Englanti",
	"imgUrl": "//cdn.alko.fi/ProductImages/Scaled/713054/product.jpg",
	"price": "4,98",
	"volume": "0.33l",
	"description": "Ruskeanmusta, samea, erittäin täyteläinen, voimakkaasti humaloitu, paahtomaltainen, espressomainen, kevyen siirappinen, hennon vaniljainen, tamminen, runsas",
	"abvPercent": "8.0",
	"beerType": "stout & porter",
	"pricePerLitre": "15.09 EUR",
	"packageType": "pullo",
	"manufacturer": "Thornbridge",
	"ibuScale": "35.0 EBU",
	"platoScale": "18.0 &deg;P",
	"ebc": "180.0 EBC"
},
{
	"name": "Thornbridge Halcyon Imperial IPA",
	"country": "Englanti",
	"imgUrl": "//cdn.alko.fi/ProductImages/Scaled/907754/product.jpg",
	"price": "3,98",
	"volume": "0.33l",
	"description": "Vaaleankeltainen, täyteläinen, voimakkaasti humaloitu, hedelmäinen, karamellinen, aromikas",
	"abvPercent": "7.4",
	"beerType": "ale",
	"pricePerLitre": "11.76 EUR",
	"packageType": "pullo",
	"manufacturer": "Thornbridge",
	"ibuScale": "74.15 EBU",
	"platoScale": "17.1 &deg;P",
	"ebc": "9.0 EBC"
},
{
	"name": "Thornbridge Huck Double IPA",
	"country": "Englanti",
	"imgUrl": "//cdn.alko.fi/ProductImages/Scaled/911194/product.jpg",
	"price": "3,98",
	"volume": "0.33l",
	"description": "Kullankeltainen, täyteläinen, voimakkaasti humaloitu, hedelmäinen, sitruksinen, maltainen",
	"abvPercent": "7.4",
	"beerType": "ale",
	"pricePerLitre": "12.06 EUR",
	"packageType": "pullo",
	"manufacturer": "Thornbridge",
	"ibuScale": "70.0 EBU",
	"platoScale": "17.0 &deg;P",
	"ebc": "20.0 EBC"
},
{
	"name": "Thornbridge Imperial Raspberry Stout",
	"country": "Englanti",
	"imgUrl": "//cdn.alko.fi/ProductImages/Scaled/765316/product.jpg",
	"price": "14,88",
	"volume": "0.5l",
	"description": "Ruskeanmusta, samea, täyteläinen, voimakkaasti humaloitu, paahtomaltainen, tummasuklainen, kirpeän marjainen, villivadelmainen, kevyen salmiakkinen, yrttinen, vivahteikas, pitkä",
	"abvPercent": "10.0",
	"beerType": "stout & porter",
	"pricePerLitre": "29.76 EUR",
	"packageType": "pullo",
	"manufacturer": "Thornbridge",
	"ibuScale": "65.0 EBU",
	"platoScale": "20.6 &deg;P",
	"ebc": "150.0 EBC"
},
{
	"name": "Thornbridge Love Among The Ruins",
	"country": "Englanti",
	"imgUrl": "//cdn.alko.fi/ProductImages/Scaled/720244/product.jpg",
	"price": "16,98",
	"volume": "0.375l",
	"description": "Punaruskea, keskitäyteläinen, keskiasteisesti humaloitu, kypsän sitruksinen, hapankirsikkainen, kevyen viljainen, raikas",
	"abvPercent": "7.0",
	"beerType": "erikoisuus",
	"pricePerLitre": "45.28 EUR",
	"packageType": "pullo",
	"manufacturer": "Thornbridge",
	"ibuScale": "15.0 EBU",
	"platoScale": "15.0 &deg;P",
	"ebc": "40.0 EBC"
},
{
	"name": "Thornbridge Raindrops on Roses",
	"country": "Englanti",
	"imgUrl": "//cdn.alko.fi/ProductImages/Scaled/908764/product.jpg",
	"price": "3,90",
	"volume": "0.33l",
	"description": "Vaaleankeltainen, runsasvaahtoinen, keskitäyteläinen, miedosti humaloitu, hedelmäinen, mausteinen, aromikas",
	"abvPercent": "5.3",
	"beerType": "vehnäolut",
	"pricePerLitre": "11.82 EUR",
	"packageType": "pullo",
	"manufacturer": "Thornbridge",
	"ibuScale": "20.0 EBU",
	"platoScale": "12.4 &deg;P",
	"ebc": "17.5 EBC"
},
{
	"name": "Thornbridge St Petersburg Russian Imperial Stout",
	"country": "Englanti",
	"imgUrl": "//cdn.alko.fi/ProductImages/Scaled/915496/product.jpg",
	"price": "5,99",
	"volume": "0.5l",
	"description": "Tummanruskea, runsasvaahtoinen, täyteläinen, voimakkaasti humaloitu, paahteinen, mausteinen",
	"abvPercent": "7.4",
	"beerType": "stout & porter",
	"pricePerLitre": "11.78 EUR",
	"packageType": "pullo",
	"manufacturer": "Thornbridge",
	"ibuScale": "120.0 EBU",
	"platoScale": "16.9 &deg;P",
	"ebc": "65.0 EBC"
},
{
	"name": "Thornbridge The Pianoplayers American Pale Ale",
	"country": "Englanti",
	"imgUrl": "//cdn.alko.fi/ProductImages/Scaled/953104/product.jpg",
	"price": "3,89",
	"volume": "0.33l",
	"description": "Vaaleankeltainen, runsasvaahtoinen, keskitäyteläinen, voimakkaasti humaloitu, hedelmäinen, aprikoosinen, sitruksinen",
	"abvPercent": "5.2",
	"beerType": "ale",
	"pricePerLitre": "11.79 EUR",
	"packageType": "pullo",
	"manufacturer": "Thornbridge",
	"ibuScale": "40.0 EBU",
	"platoScale": "12.5 &deg;P",
	"ebc": "10.0 EBC"
},
{
	"name": "Thornbridge Valravn Imperial Black IPA",
	"country": "Englanti",
	"imgUrl": "//cdn.alko.fi/ProductImages/Scaled/910204/product.jpg",
	"price": "4,70",
	"volume": "0.33l",
	"description": "Ruskea, runsasvaahtoinen, erittäin täyteläinen, erittäin voimakkaasti humaloitu, sitruksinen, hedelmäinen, paahtomaltainen",
	"abvPercent": "8.8",
	"beerType": "ale",
	"pricePerLitre": "14.24 EUR",
	"packageType": "pullo",
	"manufacturer": "Thornbridge",
	"ibuScale": "80.0 EBU",
	"platoScale": "19.5 &deg;P",
	"ebc": "75.0 EBC"
},
{
	"name": "Thornbridge Wild Raven Black IPA",
	"country": "Englanti",
	"imgUrl": "//cdn.alko.fi/ProductImages/Scaled/944224/product.jpg",
	"price": "3,95",
	"volume": "0.33l",
	"description": "Ruskea, runsasvaahtoinen, keskitäyteläinen, voimakkaasti humaloitu, sitruksinen, paahtomaltainen, kahvinen",
	"abvPercent": "6.6",
	"beerType": "ale",
	"pricePerLitre": "11.67 EUR",
	"packageType": "pullo",
	"manufacturer": "Thornbridge",
	"ibuScale": "66.0 EBU",
	"platoScale": "15.7 &deg;P",
	"ebc": "77.9 EBC"
},
{
	"name": "Timmermans Oude Kriek",
	"country": "Belgia",
	"imgUrl": "//cdn.alko.fi/ProductImages/Scaled/791534/product.jpg",
	"price": "5,50",
	"volume": "0.375l",
	"description": "Punainen, kevyt, miedosti humaloitu, runsaan sitruksinen, erittäin hapan, kirsikkainen, kevyen tallinen, raikas",
	"abvPercent": "5.5",
	"beerType": "erikoisuus",
	"pricePerLitre": "14.67 EUR",
	"packageType": "pullo",
	"manufacturer": "Timmermans",
	"ibuScale": "12.0 EBU",
	"platoScale": "12.7 &deg;P",
	"ebc": "14.0 EBC"
},
{
	"name": "Toccalmatto Sibilla",
	"country": "Italia",
	"imgUrl": "//cdn.alko.fi/ProductImages/Scaled/772184/product.jpg",
	"price": "4,30",
	"volume": "0.33l",
	"description": "Vaaleankeltainen, samea, täyteläinen, keskiasteisesti humaloitu, sitruksinen, viheromenainen, vehnäinen, mausteinen, kirpeä",
	"abvPercent": "6.0",
	"beerType": "erikoisuus",
	"pricePerLitre": "13.03 EUR",
	"packageType": "pullo",
	"manufacturer": "Toccalmatto",
	"ibuScale": "19.5 EBU",
	"platoScale": "12.7 &deg;P",
	"ebc": "9.9 EBC"
},
{
	"name": "To ol Black Ball",
	"country": "Tanska",
	"imgUrl": "//cdn.alko.fi/ProductImages/Scaled/747634/product.jpg",
	"price": "4,86",
	"volume": "0.33l",
	"description": "Musta, runsasvaahtoinen, erittäin täyteläinen, voimakkaasti humaloitu, ruisleipäinen, luumuinen, tummasuklainen, yrttinen",
	"abvPercent": "8.0",
	"beerType": "stout & porter",
	"pricePerLitre": "14.73 EUR",
	"packageType": "pullo",
	"manufacturer": "To ol",
	"ibuScale": "66.1 EBU",
	"platoScale": "21.2 &deg;P",
	"ebc": "380.0 EBC"
},
{
	"name": "To ol Goliat",
	"country": "Tanska",
	"imgUrl": "//cdn.alko.fi/ProductImages/Scaled/728704/product.jpg",
	"price": "5,98",
	"volume": "0.33l",
	"description": "Musta, samea, runsasvaahtoinen, erittäin täyteläinen, voimakkaasti humaloitu, suklaamaltainen, mämminen, espressomainen, kuivahedelmäinen, mausteinen, runsas",
	"abvPercent": "10.1",
	"beerType": "stout & porter",
	"pricePerLitre": "18.12 EUR",
	"packageType": "pullo",
	"manufacturer": "To ol",
	"ibuScale": "59.2 EBU",
	"platoScale": "27.4 &deg;P",
	"ebc": "355.0 EBC"
},
{
	"name": "To ol Primal Pils",
	"country": "Tanska",
	"imgUrl": "//cdn.alko.fi/ProductImages/Scaled/776494/product.jpg",
	"price": "3,99",
	"volume": "0.33l",
	"description": "Kullankeltainen, keskitäyteläinen, voimakkaasti humaloitu, viljainen, sitruunainen, tuoreen ruohoinen, kevyen kukkainen, aromikas, raikas",
	"abvPercent": "6.0",
	"beerType": "pils",
	"pricePerLitre": "11.79 EUR",
	"packageType": "pullo",
	"manufacturer": "To ol",
	"ibuScale": "47.7 EBU",
	"platoScale": "14.8 &deg;P",
	"ebc": "17.1 EBC"
},
{
	"name": "To ol Raid Beer",
	"country": "Tanska",
	"imgUrl": "//cdn.alko.fi/ProductImages/Scaled/775394/product.jpg",
	"price": "3,59",
	"volume": "0.33l",
	"description": "Kullankeltainen, keskitäyteläinen, voimakkaasti humaloitu, viljainen, sitruksinen, kukkainen, yrttinen, vivahteikas",
	"abvPercent": "5.2",
	"beerType": "pils",
	"pricePerLitre": "10.58 EUR",
	"packageType": "pullo",
	"manufacturer": "To ol",
	"ibuScale": "50.3 EBU",
	"platoScale": "12.7 &deg;P",
	"ebc": "22.5 EBC"
},
{
	"name": "To ol Reparationsbajer",
	"country": "Tanska",
	"imgUrl": "//cdn.alko.fi/ProductImages/Scaled/704184/product.jpg",
	"price": "3,98",
	"volume": "0.33l",
	"description": "Meripihkankeltainen, samea, täyteläinen, voimakkaasti humaloitu, karamellimaltainen, kevyen greippinen, yrttinen, tasapainoinen",
	"abvPercent": "5.8",
	"beerType": "ale",
	"pricePerLitre": "11.76 EUR",
	"packageType": "pullo",
	"manufacturer": "To ol",
	"ibuScale": "53.3 EBU",
	"platoScale": "13.3 &deg;P",
	"ebc": "27.8 EBC"
},
{
	"name": "Tommyknocker Cocoa Porter",
	"country": "Yhdysvallat",
	"imgUrl": "//cdn.alko.fi/ProductImages/Scaled/929424/product.jpg",
	"price": "4,99",
	"volume": "0.355l",
	"description": "Ruskeanmusta, samea, täyteläinen, keskiasteisesti humaloitu, suklainen, mausteinen, paahteinen",
	"abvPercent": "5.7",
	"beerType": "stout & porter",
	"pricePerLitre": "13.77 EUR",
	"packageType": "pullo",
	"manufacturer": "Tommyknocker",
	"ibuScale": "19.5 EBU",
	"platoScale": "13.7 &deg;P",
	"ebc": "109.0 EBC"
},
{
	"name": "Tommyknocker Imperial Nut Brown Ale",
	"country": "Yhdysvallat",
	"imgUrl": "//cdn.alko.fi/ProductImages/Scaled/909064/product.jpg",
	"price": "4,98",
	"volume": "0.355l",
	"description": "Mahonginruskea, samea, täyteläinen, keskiasteisesti humaloitu, maltainen, mausteinen",
	"abvPercent": "9.0",
	"beerType": "ale",
	"pricePerLitre": "13.75 EUR",
	"packageType": "pullo",
	"manufacturer": "Tommyknocker",
	"ibuScale": "38.4 EBU",
	"platoScale": "18.7 &deg;P",
	"ebc": "98.2 EBC"
},
{
	"name": "Tongerlo Blonde",
	"country": "Belgia",
	"imgUrl": "//cdn.alko.fi/ProductImages/Scaled/767184/product.jpg",
	"price": "2,98",
	"volume": "0.33l",
	"description": "Kullankeltainen, samea, keskitäyteläinen, keskiasteisesti humaloitu, mallaskeksinen, kevyen sitruksinen, hennon yrttinen",
	"abvPercent": "6.0",
	"beerType": "ale",
	"pricePerLitre": "9.03 EUR",
	"packageType": "pullo",
	"manufacturer": "Brouwerij Haacht",
	"ibuScale": "16.5 EBU",
	"platoScale": "14.8 &deg;P",
	"ebc": "16.4 EBC"
},
{
	"name": "Top Fuel Hippie Juice IPA",
	"country": "Suomi",
	"imgUrl": "//cdn.alko.fi/ProductImages/Scaled/941864/product.jpg",
	"price": "4,84",
	"volume": "0.33l",
	"description": "Kinuskinruskea, samea, runsasvaahtoinen, keskitäyteläinen, voimakkaasti humaloitu, karamellimaltainen, yrttinen, mausteinen",
	"abvPercent": "7.5",
	"beerType": "ale",
	"pricePerLitre": "14.67 EUR",
	"packageType": "pullo",
	"manufacturer": "Top Fuel Beer Company",
	"ibuScale": "74.0 EBU",
	"platoScale": "14.4 &deg;P",
	"ebc": "27.7 EBC"
},
{
	"name": "Top Fuel Lab Genious Porter",
	"country": "Suomi",
	"imgUrl": "//cdn.alko.fi/ProductImages/Scaled/913514/product.jpg",
	"price": "4,64",
	"volume": "0.33l",
	"description": "Ruskeanmusta, täyteläinen, keskiasteisesti humaloitu, maltainen, paahteinen",
	"abvPercent": "7.4",
	"beerType": "stout & porter",
	"pricePerLitre": "14.06 EUR",
	"packageType": "pullo",
	"manufacturer": "Top Fuel Beer Company",
	"ibuScale": "29.1 EBU",
	"platoScale": "17.8 &deg;P",
	"ebc": "133.0 EBC"
},
{
	"name": "Train Station Brewery Groundbreaker",
	"country": "Ruotsi",
	"imgUrl": "//cdn.alko.fi/ProductImages/Scaled/772744/product.jpg",
	"price": "3,98",
	"volume": "0.33l",
	"description": "Kullankeltainen, samea, runsasvaahtoinen, keskitäyteläinen, voimakkaasti humaloitu, viljainen, hedelmäinen, sitruksinen, yrttinen",
	"abvPercent": "5.3",
	"beerType": "lager",
	"pricePerLitre": "11.76 EUR",
	"packageType": "pullo",
	"manufacturer": "Train Station Brewery",
	"ibuScale": "56.0 EBU",
	"platoScale": "13.2 &deg;P",
	"ebc": "13.1 EBC"
},
{
	"name": "Train Station Brewery Shipfaced IPA",
	"country": "Ruotsi",
	"imgUrl": "//cdn.alko.fi/ProductImages/Scaled/714714/product.jpg",
	"price": "4,79",
	"volume": "0.33l",
	"description": "Vaaleanruskea, samea, runsasvaahtoinen, keskitäyteläinen, erittäin voimakkaasti humaloitu, mallaskeksinen, trooppisen hedelmäinen, kukkainen, yrttinen, tasapainoinen",
	"abvPercent": "7.0",
	"beerType": "ale",
	"pricePerLitre": "14.21 EUR",
	"packageType": "pullo",
	"manufacturer": "Train Station Brewery",
	"ibuScale": "87.0 EBU",
	"platoScale": "16.6 &deg;P",
	"ebc": "28.4 EBC"
},
{
	"name": "Trappist Achel Bruin",
	"country": "Belgia",
	"imgUrl": "//cdn.alko.fi/ProductImages/Scaled/758594/product.jpg",
	"price": "4,77",
	"volume": "0.33l",
	"description": "Kinuskinruskea, samea, runsasvaahtoinen, täyteläinen, keskiasteisesti humaloitu, hunajamaltainen, hedelmäinen, karamellinen, mausteinen, tasapainoinen, pitkä",
	"abvPercent": "8.0",
	"beerType": "erikoisuus",
	"pricePerLitre": "14.45 EUR",
	"packageType": "pullo",
	"manufacturer": "De Achelse Kluis",
	"ibuScale": "23.7 EBU",
	"platoScale": "18.5 &deg;P",
	"ebc": "41.8 EBC"
},
{
	"name": "Trappist Achel Extra",
	"country": "Belgia",
	"imgUrl": "//cdn.alko.fi/ProductImages/Scaled/730097/product.jpg",
	"price": "13,49",
	"volume": "0.75l",
	"description": "Mahonginruskea, samea, runsasvaahtoinen, täyteläinen, keskiasteisesti humaloitu, maltainen, kevyen siirappinen, aprikoosinen, mausteinen, tasapainoinen, pitkä",
	"abvPercent": "9.5",
	"beerType": "erikoisuus",
	"pricePerLitre": "17.99 EUR",
	"packageType": "pullo",
	"manufacturer": "De Achelse Kluis",
	"ibuScale": "18.4 EBU",
	"platoScale": "19.4 &deg;P",
	"ebc": "70.5 EBC"
},
{
	"name": "Tree Hugging Wood Chopping Mother Nature Loving IPA",
	"country": "Suomi",
	"imgUrl": "//cdn.alko.fi/ProductImages/Scaled/760674/product.jpg",
	"price": "4,30",
	"volume": "0.33l",
	"description": "Kinuskinruskea, keskitäyteläinen, voimakkaasti humaloitu, maltainen, kypsän hedelmäinen, sitruksinen, kevyen kukkainen, hennon greippinen, yrttinen",
	"abvPercent": "6.0",
	"beerType": "ale",
	"pricePerLitre": "12.73 EUR",
	"packageType": "pullo",
	"manufacturer": "The Flying Dutchman Brewing Company",
	"ibuScale": "55.5 EBU",
	"platoScale": "14.1 &deg;P",
	"ebc": "34.5 EBC"
},
{
	"name": "Tre Fontane Tripel",
	"country": "Italia",
	"imgUrl": "//cdn.alko.fi/ProductImages/Scaled/799904/product.jpg",
	"price": "7,98",
	"volume": "0.33l",
	"description": "Kullankeltainen, samea, runsasvaahtoinen, täyteläinen, keskiasteisesti humaloitu, hunajamaltainen, sitruksinen, kuivahedelmäinen, hennon rusinainen, mausteinen, kevyen yrttinen, vivahteikas",
	"abvPercent": "8.5",
	"beerType": "erikoisuus",
	"pricePerLitre": "24.18 EUR",
	"packageType": "pullo",
	"manufacturer": "Tre Fontane",
	"ibuScale": "24.6 EBU",
	"platoScale": "16.9 &deg;P",
	"ebc": "19.3 EBC"
},
{
	"name": "Tuatara Sauvinova Single Hop Pale Ale",
	"country": "Uusi-Seelanti",
	"imgUrl": "//cdn.alko.fi/ProductImages/Scaled/761064/product.jpg",
	"price": "4,98",
	"volume": "0.33l",
	"description": "Meripihkankeltainen, keskitäyteläinen, voimakkaasti humaloitu, runsaan sitruksinen, luumuinen, kevyen pippurinen, hennon kukkainen, yrttinen, raikas",
	"abvPercent": "5.2",
	"beerType": "ale",
	"pricePerLitre": "14.79 EUR",
	"packageType": "pullo",
	"manufacturer": "Tuatara Brewery",
	"ibuScale": "50.8 EBU",
	"platoScale": "11.7 &deg;P",
	"ebc": "22.3 EBC"
},
{
	"name": "Tucher Bajuvator",
	"country": "Saksa",
	"imgUrl": "//cdn.alko.fi/ProductImages/Scaled/746526/product.jpg",
	"price": "4,29",
	"volume": "0.5l",
	"description": "Kastanjanruskea, runsasvaahtoinen, täyteläinen, keskiasteisesti humaloitu, karamellimaltainen, hedelmätorttuinen, mausteinen",
	"abvPercent": "7.5",
	"beerType": "vahva lager",
	"pricePerLitre": "8.38 EUR",
	"packageType": "pullo",
	"manufacturer": "Tucher",
	"ibuScale": "16.4 EBU",
	"platoScale": "18.2 &deg;P",
	"ebc": "90.5 EBC"
},
{
	"name": "Tucher Helles Hefe Weizen",
	"country": "Saksa",
	"imgUrl": "//cdn.alko.fi/ProductImages/Scaled/752156/product.jpg",
	"price": "3,50",
	"volume": "0.5l",
	"description": "Kullankeltainen, samea, keskitäyteläinen, miedosti humaloitu, vehnäinen, kypsän sitruksinen, kevyen mausteinen, tasapainoinen",
	"abvPercent": "5.2",
	"beerType": "vehnäolut",
	"pricePerLitre": "6.8 EUR",
	"packageType": "pullo",
	"manufacturer": "Tucher Traditionsbrauerei",
	"ibuScale": "10.3 EBU",
	"platoScale": "11.9 &deg;P",
	"ebc": "10.9 EBC"
},
{
	"name": "Tuju Saison",
	"country": "Suomi",
	"imgUrl": "//cdn.alko.fi/ProductImages/Scaled/903384/product.jpg",
	"price": "4,66",
	"volume": "0.33l",
	"description": "Vaalea, samea, runsasvaahtoinen, kevyt, keskiasteisesti humaloitu, hedelmäinen, mausteinen",
	"abvPercent": "7.0",
	"beerType": "erikoisuus",
	"pricePerLitre": "14.12 EUR",
	"packageType": "pullo",
	"manufacturer": "Panimoyhtiö Tuju",
	"ibuScale": "45.3 EBU",
	"platoScale": "13.3 &deg;P",
	"ebc": "11.2 EBC"
},
{
	"name": "Two Tales Bohemian Black Ale",
	"country": "Tsekki",
	"imgUrl": "//cdn.alko.fi/ProductImages/Scaled/901914/product.jpg",
	"price": "4,20",
	"volume": "0.33l",
	"description": "Musta, samea, runsasvaahtoinen, täyteläinen, voimakkaasti humaloitu, mausteinen, paahteinen",
	"abvPercent": "6.5",
	"beerType": "ale",
	"pricePerLitre": "12.73 EUR",
	"packageType": "pullo",
	"manufacturer": "Two Tales",
	"ibuScale": "60.0 EBU",
	"platoScale": "17.0 &deg;P",
	"ebc": "140.0 EBC"
},
{
	"name": "Veldi ja Tutred Pödrajaht",
	"country": "Viro",
	"imgUrl": "//cdn.alko.fi/ProductImages/Scaled/740164/product.jpg",
	"price": "3,89",
	"volume": "0.33l",
	"description": "Punaruskea, samea, keskitäyteläinen, keskiasteisesti humaloitu, ruisleipäinen, kuivahedelmäinen, kevyen mausteinen",
	"abvPercent": "6.0",
	"beerType": "ale",
	"pricePerLitre": "11.48 EUR",
	"packageType": "pullo",
	"manufacturer": "Veldi ja Tutred",
	"ibuScale": "21.6 EBU",
	"platoScale": "15.2 &deg;P",
	"ebc": "53.5 EBC"
},
{
	"name": "Velkopopovicky Kozel Dark",
	"country": "Tsekki",
	"imgUrl": "//cdn.alko.fi/ProductImages/Scaled/009772/product.jpg",
	"price": "3,19",
	"volume": "0.5l",
	"description": "Mahonginruskea, keskitäyteläinen, miedosti humaloitu, karamellinen, viljainen, leipäinen",
	"abvPercent": "3.8",
	"beerType": "tumma lager",
	"pricePerLitre": "6.18 EUR",
	"packageType": "pullo",
	"manufacturer": "Plzensky Prazdroj",
	"ibuScale": "11.3 EBU",
	"platoScale": "9.6 &deg;P",
	"ebc": "72.5 EBC"
},
{
	"name": "Vic Ale Oz Yankee American Wheat",
	"country": "Espanja",
	"imgUrl": "//cdn.alko.fi/ProductImages/Scaled/732014/product.jpg",
	"price": "5,12",
	"volume": "0.33l",
	"description": "Oljenkeltainen, samea, kevyt, voimakkaasti humaloitu, vehnäinen, sitruksinen, kermainen, yrttinen, raikas",
	"abvPercent": "5.6",
	"beerType": "vehnäolut",
	"pricePerLitre": "15.52 EUR",
	"packageType": "pullo",
	"manufacturer": "Vic Brewery",
	"ibuScale": "30.0 EBU",
	"platoScale": "10.5 &deg;P",
	"ebc": "6.5 EBC"
},
{
	"name": "Vic Ale The Other Side of the Blonde",
	"country": "Espanja",
	"imgUrl": "//cdn.alko.fi/ProductImages/Scaled/706874/product.jpg",
	"price": "4,95",
	"volume": "0.33l",
	"description": "Keltainen, keskitäyteläinen, voimakkaasti humaloitu, kypsän sitruksinen, kevyen keltaluumuinen, muroinen, yrttinen",
	"abvPercent": "5.0",
	"beerType": "ale",
	"pricePerLitre": "15.0 EUR",
	"packageType": "pullo",
	"manufacturer": "Vic Brewery",
	"ibuScale": "28.0 EBU",
	"platoScale": "1.1 &deg;P",
	"ebc": "6.0 EBC"
},
{
	"name": "Vic Ale Tsarish Double Imperial Stout",
	"country": "Espanja",
	"imgUrl": "//cdn.alko.fi/ProductImages/Scaled/744124/product.jpg",
	"price": "5,68",
	"volume": "0.33l",
	"description": "Ruskeanmusta, täyteläinen, voimakkaasti humaloitu, paahtomaltainen, kuivahedelmäinen, tummasuklainen, kevyen muurinpohjalettuinen, yrttinen, pitkä",
	"abvPercent": "8.0",
	"beerType": "stout & porter",
	"pricePerLitre": "17.21 EUR",
	"packageType": "pullo",
	"manufacturer": "Vic Brewery",
	"ibuScale": "60.0 EBU",
	"platoScale": "10.8 &deg;P",
	"ebc": "92.0 EBC"
},
{
	"name": "Victory Brewing Golden Monkey",
	"country": "Yhdysvallat",
	"imgUrl": "//cdn.alko.fi/ProductImages/Scaled/727374/product.jpg",
	"price": "5,65",
	"volume": "0.355l",
	"description": "Kullankeltainen, samea, keskitäyteläinen, keskiasteisesti humaloitu, keksinen, viljainen, hedelmäinen, mausteinen, aromikas",
	"abvPercent": "9.5",
	"beerType": "ale",
	"pricePerLitre": "15.63 EUR",
	"packageType": "pullo",
	"manufacturer": "Victory Brewing",
	"ibuScale": "21.1 EBU",
	"platoScale": "19.0 &deg;P",
	"ebc": "12.6 EBC"
},
{
	"name": "Victory Hop Ranch Imperial India Pale Ale",
	"country": "Yhdysvallat",
	"imgUrl": "//cdn.alko.fi/ProductImages/Scaled/903324/product.jpg",
	"price": "5,98",
	"volume": "0.355l",
	"description": "Kullankeltainen, täyteläinen, erittäin voimakkaasti humaloitu, hedelmäinen, sitruksinen",
	"abvPercent": "9.0",
	"beerType": "ale",
	"pricePerLitre": "16.85 EUR",
	"packageType": "pullo",
	"manufacturer": "Victory",
	"ibuScale": "95.0 EBU",
	"platoScale": "19.5 &deg;P",
	"ebc": "13.0 EBC"
},
{
	"name": "Victory Storm King Imperial Stout",
	"country": "Yhdysvallat",
	"imgUrl": "//cdn.alko.fi/ProductImages/Scaled/712584/product.jpg",
	"price": "5,89",
	"volume": "0.355l",
	"description": "Mustanruskea, täyteläinen, erittäin voimakkaasti humaloitu, paahtomaltainen, greippinen, kevyen suklaakakkuinen, mausteinen, vivahteikas",
	"abvPercent": "9.1",
	"beerType": "stout & porter",
	"pricePerLitre": "16.59 EUR",
	"packageType": "pullo",
	"manufacturer": "Victory Brewing",
	"ibuScale": "92.6 EBU",
	"platoScale": "20.3 &deg;P",
	"ebc": "196.0 EBC"
},
{
	"name": "Wayan",
	"country": "Italia",
	"imgUrl": "//cdn.alko.fi/ProductImages/Scaled/902247/product.jpg",
	"price": "10,99",
	"volume": "0.75l",
	"description": "Oljenkeltainen, samea, keskitäyteläinen, miedosti humaloitu, hedelmäinen, mausteinen",
	"abvPercent": "5.8",
	"beerType": "erikoisuus",
	"pricePerLitre": "14.65 EUR",
	"packageType": "pullo",
	"manufacturer": "Baladin",
	"ibuScale": "10.0 EBU",
	"platoScale": "14.5 &deg;P",
	"ebc": "8.0 EBC"
},
{
	"name": "Weidmann Weissbier Hefeweizen  tölkki",
	"country": "Saksa",
	"imgUrl": "//cdn.alko.fi/ProductImages/Scaled/774296/product.jpg",
	"price": "2,98",
	"volume": "0.5l",
	"description": "Vaaleankeltainen, samea, keskitäyteläinen, miedosti humaloitu, vehnäinen, hedelmäinen, sitruksinen, raikas",
	"abvPercent": "5.3",
	"beerType": "vehnäolut",
	"pricePerLitre": "5.96 EUR",
	"packageType": "tölkki",
	"manufacturer": "UDB",
	"ibuScale": "7.2 EBU",
	"platoScale": "11.6 &deg;P",
	"ebc": "9.8 EBC"
},
{
	"name": "Weihenstephaner Hefeweissbier",
	"country": "Saksa",
	"imgUrl": "//cdn.alko.fi/ProductImages/Scaled/798246/product.jpg",
	"price": "3,68",
	"volume": "0.5l",
	"description": "Kullankeltainen, samea, runsasvaahtoinen, keskitäyteläinen, miedosti humaloitu, hedelmäisen maltainen, banaaninen, yrttinen",
	"abvPercent": "5.4",
	"beerType": "vehnäolut",
	"pricePerLitre": "7.16 EUR",
	"packageType": "pullo",
	"manufacturer": "Weihenstephan",
	"ibuScale": "11.7 EBU",
	"platoScale": "12.8 &deg;P",
	"ebc": "13.0 EBC"
},
{
	"name": "Weihenstephaner Hefeweissbier Dunkel",
	"country": "Saksa",
	"imgUrl": "//cdn.alko.fi/ProductImages/Scaled/714336/product.jpg",
	"price": "3,69",
	"volume": "0.5l",
	"description": "Kinuskinruskea, samea, runsasvaahtoinen, täyteläinen, miedosti humaloitu, keksinen, hedelmäinen, kevyen pähkinäinen, hennon kinuskinen, tasapainoinen",
	"abvPercent": "5.3",
	"beerType": "vehnäolut",
	"pricePerLitre": "7.18 EUR",
	"packageType": "pullo",
	"manufacturer": "Bayerische Staatsbrauerei Weihenstephan",
	"ibuScale": "10.6 EBU",
	"platoScale": "12.9 &deg;P",
	"ebc": "46.2 EBC"
},
{
	"name": "Weihenstephaner Korbinian",
	"country": "Saksa",
	"imgUrl": "//cdn.alko.fi/ProductImages/Scaled/767896/product.jpg",
	"price": "4,49",
	"volume": "0.5l",
	"description": "Ruskeanmusta, runsasvaahtoinen, täyteläinen, keskiasteisesti humaloitu, paahtomaltainen, luumuinen, kuivahedelmäinen, kaakaoinen, runsas",
	"abvPercent": "7.4",
	"beerType": "vahva lager",
	"pricePerLitre": "8.78 EUR",
	"packageType": "pullo",
	"manufacturer": "Weihenstephan",
	"ibuScale": "13.7 EBU",
	"platoScale": "18.6 &deg;P",
	"ebc": "92.4 EBC"
},
{
	"name": "Weihenstephaner Kristall Weissbier",
	"country": "Saksa",
	"imgUrl": "//cdn.alko.fi/ProductImages/Scaled/730316/product.jpg",
	"price": "3,68",
	"volume": "0.5l",
	"description": "Oljenkeltainen, keskitäyteläinen, miedosti humaloitu, vehnäinen, kevyen banaaninen, hennon yrttinen, raikas",
	"abvPercent": "5.4",
	"beerType": "vehnäolut",
	"pricePerLitre": "7.16 EUR",
	"packageType": "pullo",
	"manufacturer": "Weihenstephan",
	"ibuScale": "8.5 EBU",
	"platoScale": "12.5 &deg;P",
	"ebc": "8.1 EBC"
},
{
	"name": "Weihenstephaner Kristall Weizenbock",
	"country": "Saksa",
	"imgUrl": "//cdn.alko.fi/ProductImages/Scaled/920304/product.jpg",
	"price": "2,97",
	"volume": "0.33l",
	"description": "Keltainen, keskitäyteläinen, keskiasteisesti humaloitu, banaaninen, hedelmäinen",
	"abvPercent": "7.5",
	"beerType": "vehnäolut",
	"pricePerLitre": "9.0 EUR",
	"packageType": "pullo",
	"manufacturer": "Weihenstephan",
	"ibuScale": "21.5 EBU",
	"platoScale": "16.9 &deg;P",
	"ebc": "7.75 EBC"
},
{
	"name": "Weihenstephaner Original Helles",
	"country": "Saksa",
	"imgUrl": "//cdn.alko.fi/ProductImages/Scaled/767016/product.jpg",
	"price": "3,68",
	"volume": "0.5l",
	"description": "Vaaleankeltainen, keskitäyteläinen, keskiasteisesti humaloitu, kaurahiutaleinen, kevyen sitruksinen, yrttinen",
	"abvPercent": "5.1",
	"beerType": "lager",
	"pricePerLitre": "7.16 EUR",
	"packageType": "pullo",
	"manufacturer": "Weihenstephan",
	"ibuScale": "17.5 EBU",
	"platoScale": "11.6 &deg;P",
	"ebc": "8.1 EBC"
},
{
	"name": "Weihenstephaner Pils",
	"country": "Saksa",
	"imgUrl": "//cdn.alko.fi/ProductImages/Scaled/737906/product.jpg",
	"price": "3,68",
	"volume": "0.5l",
	"description": "Vaaleankeltainen, keskitäyteläinen, voimakkaasti humaloitu, keksinen, kevyen sitruksinen, yrttinen, tasapainoinen, raikas",
	"abvPercent": "5.1",
	"beerType": "pils",
	"pricePerLitre": "7.16 EUR",
	"packageType": "pullo",
	"manufacturer": "Weihenstephan",
	"ibuScale": "24.6 EBU",
	"platoScale": "11.9 &deg;P",
	"ebc": "6.4 EBC"
},
{
	"name": "Weihenstephaner Tradition Bayrisch Dunkel",
	"country": "Saksa",
	"imgUrl": "//cdn.alko.fi/ProductImages/Scaled/778966/product.jpg",
	"price": "3,68",
	"volume": "0.5l",
	"description": "Pähkinänruskea, keskitäyteläinen, keskiasteisesti humaloitu, karamellimaltainen, kuivahedelmäinen, kevyen mausteinen",
	"abvPercent": "5.2",
	"beerType": "tumma lager",
	"pricePerLitre": "7.16 EUR",
	"packageType": "pullo",
	"manufacturer": "Weihenstephan",
	"ibuScale": "22.4 EBU",
	"platoScale": "12.3 &deg;P",
	"ebc": "46.3 EBC"
},
{
	"name": "Weihenstephaner Vitus Weizenbock",
	"country": "Saksa",
	"imgUrl": "//cdn.alko.fi/ProductImages/Scaled/709386/product.jpg",
	"price": "4,49",
	"volume": "0.5l",
	"description": "Keltainen, samea, runsasvaahtoinen, täyteläinen, keskiasteisesti humaloitu, kypsän hedelmäinen, banaaninen, kermatoffeinen, yrttinen, aromikas",
	"abvPercent": "7.7",
	"beerType": "vehnäolut",
	"pricePerLitre": "8.78 EUR",
	"packageType": "pullo",
	"manufacturer": "Weihenstephan",
	"ibuScale": "13.2 EBU",
	"platoScale": "16.8 &deg;P",
	"ebc": "11.9 EBC"
},
{
	"name": "Weltenburger Kloster Asam Bock",
	"country": "Saksa",
	"imgUrl": "//cdn.alko.fi/ProductImages/Scaled/710514/product.jpg",
	"price": "3,38",
	"volume": "0.33l",
	"description": "Kastanjanruskea, täyteläinen, keskiasteisesti humaloitu, paahtomaltainen, kuivahedelmäinen, kevyen siirappinen, luumuinen, mausteinen, tasapainoinen",
	"abvPercent": "6.9",
	"beerType": "vahva lager",
	"pricePerLitre": "9.94 EUR",
	"packageType": "pullo",
	"manufacturer": "Klosterbrauerei Weltenburg",
	"ibuScale": "26.1 EBU",
	"platoScale": "18.6 &deg;P",
	"ebc": "91.9 EBC"
},
{
	"name": "Westmalle Dubbel",
	"country": "Belgia",
	"imgUrl": "//cdn.alko.fi/ProductImages/Scaled/793814/product.jpg",
	"price": "3,99",
	"volume": "0.33l",
	"description": "Mahonginruskea, samea, runsasvaahtoinen, täyteläinen, keskiasteisesti humaloitu, karamellimaltainen, hedelmäinen, kevyen luumuinen, hennon suklainen, yrttinen, vivahteikas, tyylikäs",
	"abvPercent": "7.0",
	"beerType": "erikoisuus",
	"pricePerLitre": "11.79 EUR",
	"packageType": "pullo",
	"manufacturer": "Westmalle",
	"ibuScale": "28.8 EBU",
	"platoScale": "15.7 &deg;P",
	"ebc": "86.1 EBC"
},
{
	"name": "Wild Beer Madness IPA  tölkki",
	"country": "Englanti",
	"imgUrl": "//cdn.alko.fi/ProductImages/Scaled/739994/product.jpg",
	"price": "4,95",
	"volume": "0.33l",
	"description": "Viljankeltainen, samea, täyteläinen, erittäin voimakkaasti humaloitu, keksinen, sitruunankuorinen, hennon karamellinen, yrttinen, raikas",
	"abvPercent": "6.8",
	"beerType": "ale",
	"pricePerLitre": "15.0 EUR",
	"packageType": "tölkki",
	"manufacturer": "Wild Beer",
	"ibuScale": "67.4 EBU",
	"platoScale": "15.4 &deg;P",
	"ebc": "17.9 EBC"
},
{
	"name": "Wild Beer Ninkasi",
	"country": "Englanti",
	"imgUrl": "//cdn.alko.fi/ProductImages/Scaled/776237/product.jpg",
	"price": "13,78",
	"volume": "0.75l",
	"description": "Vaaleankeltainen, runsasvaahtoinen, keskitäyteläinen, voimakkaasti humaloitu, karamellimaltainen, sitruksinen, omenainen, greipinkuorinen, mausteinen, vivahteikas",
	"abvPercent": "9.0",
	"beerType": "erikoisuus",
	"pricePerLitre": "18.37 EUR",
	"packageType": "pullo",
	"manufacturer": "Wild Beer",
	"ibuScale": "48.0 EBU",
	"platoScale": "1.1 &deg;P",
	"ebc": "12.0 EBC"
},
{
	"name": "Wild Beer Sleeping Lemons Export",
	"country": "Englanti",
	"imgUrl": "//cdn.alko.fi/ProductImages/Scaled/734607/product.jpg",
	"price": "14,35",
	"volume": "0.75l",
	"description": "Viljankeltainen, samea, keskitäyteläinen, miedosti humaloitu, runsaan sitruksinen, hennon suolainen, kevyen mausteinen, raikas",
	"abvPercent": "6.0",
	"beerType": "erikoisuus",
	"pricePerLitre": "19.13 EUR",
	"packageType": "pullo",
	"manufacturer": "Wild Beer",
	"ibuScale": "3.0 EBU",
	"platoScale": "11.8 &deg;P",
	"ebc": "8.0 EBC"
},
{
	"name": "Yellow Belly",
	"country": "Englanti",
	"imgUrl": "//cdn.alko.fi/ProductImages/Scaled/919994/product.jpg",
	"price": "11,80",
	"volume": "0.33l",
	"description": "Musta, erittäin täyteläinen, voimakkaasti humaloitu, espressomainen, paahteinen, suklainen",
	"abvPercent": "11.0",
	"beerType": "stout & porter",
	"pricePerLitre": "35.76 EUR",
	"packageType": "pullo",
	"manufacturer": "Buxton &#47; Omnipollo",
	"ibuScale": "68.0 EBU",
	"platoScale": "27.0 &deg;P",
	"ebc": "363.0 EBC"
},
{
	"name": "Ylikylä Ilmari 2016",
	"country": "Suomi",
	"imgUrl": "//cdn.alko.fi/ProductImages/Scaled/923434/product.jpg",
	"price": "3,08",
	"volume": "0.33l",
	"description": "Meripihkanruskea, keskitäyteläinen, keskiasteisesti humaloitu, maltainen",
	"abvPercent": "5.2",
	"beerType": "ale",
	"pricePerLitre": "9.33 EUR",
	"packageType": "pullo",
	"manufacturer": "Ylikylä",
	"ibuScale": "27.1 EBU",
	"platoScale": "11.3 &deg;P",
	"ebc": "24.7 EBC"
},
{
	"name": "Young's Bitter",
	"country": "Englanti",
	"imgUrl": "//cdn.alko.fi/ProductImages/Scaled/719626/product.jpg",
	"price": "3,98",
	"volume": "0.5l",
	"description": "Meripihkankeltainen, runsasvaahtoinen, keskitäyteläinen, voimakkaasti humaloitu, pähkinäinen, hennon hedelmäinen, kevyen sitruksinen, kukkainen",
	"abvPercent": "4.5",
	"beerType": "ale",
	"pricePerLitre": "7.76 EUR",
	"packageType": "pullo",
	"manufacturer": "Wells & Young's Brewing",
	"ibuScale": "23.9 EBU",
	"platoScale": "10.6 &deg;P",
	"ebc": "16.9 EBC"
},
{
	"name": "Young's Double Chocolate Stout",
	"country": "Englanti",
	"imgUrl": "//cdn.alko.fi/ProductImages/Scaled/704466/product.jpg",
	"price": "4,29",
	"volume": "0.5l",
	"description": "Kahvinruskea, runsasvaahtoinen, täyteläinen, keskiasteisesti humaloitu, paahtomaltainen, runsaan suklainen, mokkainen, mausteinen",
	"abvPercent": "5.2",
	"beerType": "stout & porter",
	"pricePerLitre": "8.38 EUR",
	"packageType": "pullo",
	"manufacturer": "Young's",
	"ibuScale": "24.8 EBU",
	"platoScale": "13.2 &deg;P",
	"ebc": "164.0 EBC"
},
{
	"name": "Young´s Special London Ale",
	"country": "Englanti",
	"imgUrl": "//cdn.alko.fi/ProductImages/Scaled/740796/product.jpg",
	"price": "3,98",
	"volume": "0.5l",
	"description": "Kullanruskea, samea, keskitäyteläinen, voimakkaasti humaloitu, karamellimaltainen, kuivahedelmäinen, hennon limettinen, kevyen ruohoinen, tasapainoinen, raikas",
	"abvPercent": "6.4",
	"beerType": "ale",
	"pricePerLitre": "7.76 EUR",
	"packageType": "pullo",
	"manufacturer": "Charles Wells",
	"ibuScale": "35.7 EBU",
	"platoScale": "14.9 &deg;P",
	"ebc": "22.4 EBC"
},
{
	"name": "Zeunerts Höga Kusten",
	"country": "Ruotsi",
	"imgUrl": "//cdn.alko.fi/ProductImages/Scaled/928656/product.jpg",
	"price": "3,95",
	"volume": "0.5l",
	"description": "Keltainen, keskitäyteläinen, keskiasteisesti humaloitu, viljainen, hedelmäinen, mausteinen",
	"abvPercent": "5.3",
	"beerType": "lager",
	"pricePerLitre": "7.7 EUR",
	"packageType": "pullo",
	"manufacturer": "Kopparbergs Bryggeri",
	"ibuScale": "22.0 EBU",
	"platoScale": "12.0 &deg;P",
	"ebc": "17.0 EBC"
},
{
	"name": "Zeunerts Merke",
	"country": "Ruotsi",
	"imgUrl": "//cdn.alko.fi/ProductImages/Scaled/903176/product.jpg",
	"price": "3,95",
	"volume": "0.5l",
	"description": "Kullankeltainen, keskitäyteläinen, keskiasteisesti humaloitu, hedelmäinen, viljainen",
	"abvPercent": "5.3",
	"beerType": "lager",
	"pricePerLitre": "7.7 EUR",
	"packageType": "pullo",
	"manufacturer": "Kopparbergs Bryggeri",
	"ibuScale": "21.0 EBU",
	"platoScale": "12.6 &deg;P",
	"ebc": "8.3 EBC"
},
{
	"name": "Zundert Trappist",
	"country": "Hollanti",
	"imgUrl": "//cdn.alko.fi/ProductImages/Scaled/782704/product.jpg",
	"price": "4,75",
	"volume": "0.33l",
	"description": "Meripihkanruskea, samea, runsasvaahtoinen, täyteläinen, keskiasteisesti humaloitu, mallasleipäinen, kuivahedelmäinen, kevyen kinuskinen, mausteinen, hennon yrttinen",
	"abvPercent": "8.0",
	"beerType": "erikoisuus",
	"pricePerLitre": "14.39 EUR",
	"packageType": "pullo",
	"manufacturer": "De Kievit",
	"ibuScale": "24.2 EBU",
	"platoScale": "18.1 &deg;P",
	"ebc": "36.2 EBC"
},
{
	"name": "Zywiec",
	"country": "Puola",
	"imgUrl": "//cdn.alko.fi/ProductImages/Scaled/764546/product.jpg",
	"price": "2,99",
	"volume": "0.5l",
	"description": "Viljankeltainen, keskitäyteläinen, keskiasteisesti humaloitu, viljainen, hennon hedelmäinen, kevyen yrttinen",
	"abvPercent": "5.6",
	"beerType": "vahva lager",
	"pricePerLitre": "5.78 EUR",
	"packageType": "pullo",
	"manufacturer": "Grupa Zywiec",
	"ibuScale": "17.9 EBU",
	"platoScale": "12.4 &deg;P",
	"ebc": "9.2 EBC"
}
]
